2910 4980
562 461 778 530 -17..

84 692 88 698 ·
191 662 273 728 Col.
305 660 376 744 3‚2
411 683 476 744 sip,
515 661 572 726 ubi
605 646 820 726 Leemansius
855 663 936 726 haec
972 659 1203 743 transscripsit
1239 682 1256 726 e

84 790 226 852 papyro:
252 821 258 834 .
286 821 292 834 .
319 821 325 833 .
352 821 358 834 .
384 769 444 831 ἐπεί
468 770 544 831 ἐστιν
568 770 605 830 τά
629 766 784 850 ἀξιούμενα
805 769 809 850 l
830 772 970 855 πρότερον
994 766 1050 849 μὲν
1068 767 1137 854 ὑπὲρ
1154 775 1257 830 τοῦτον

84 877 252 964 Δημήτριον
292 874 504 963 προσδέξασθαι
546 928 749 941 .......
781 877 1025 941 Hisce-Verbis
1058 882 1095 941 ut
1127 896 1257 941 sensum

84 984 225 1064 aliquem
249 983 373 1066 eliciet,
398 983 501 1048 scribi
523 983 615 1048 iubet
631 983 686 1046 L.:
711 980 780 1069 ὑπὲρ
797 983 926 1046 totum:
950 982 1115 1069 Δημήτριον
1139 984 1257 1069 προσδέ-

86 1087 191 1170 ξασθαι
215 1090 414 1174 (purnium,
447 1109 529 1170 quae
554 1095 723 1171 petuntur,
754 1089 846 1170 prius
870 1089 999 1169 quidem
1023 1108 1068 1154 eu
1092 1095 1256 1171 spectant,

84 1196 337 1261 Demetrium
359 1195 611 1278 admittat“).
659 1195 762 1277 Quale
786 1201 896 1268 eutem
920 1195 968 1259 sic
993 1194 1106 1260 evadit
1127 1195 1258 1260 dicendi

84 1321 189 1385 genus
213 1303 383 1385 iudignum
407 1303 461 1367 vel
484 1302 615 1367 homine
639 1302 827 1385 Aegyptio!
852 1302 916 1369 seu
941 1308 992 1367 est
1016 1302 1049 1366 iu
1073 1303 1257 1385 propatulo,

85 1409 243 1490 quomode
272 1408 476 1491 expedienda
510 1409 556 1474 sit
579 1408 781 1474 difficultas:
815 1410 961 1491 legamus
985 1409 1053 1474 levi
1076 1408 1258 1474 mutatione

84 1517 191 1582 facta:
223 1517 299 1578 ἐστιν
323 1517 361 1578 τὰ
385 1514 564 1598 ἀξιούμενα.
585 1565 591 1578 .
609 1515 679 1603 ὑπὲρ
701 1523 765 1578 τοῦ
787 1516 836 1578 τὸν
853 1515 1019 1602 Δημήτριον
1035 1512 1257 1603 προσδέξασθαι,

85 1642 167 1703 quae
201 1626 377 1689 verberum
410 1628 579 1688 structura
617 1623 758 1687 maxime
796 1623 1039 1687 accommodata
1073 1629 1124 1687 est
1157 1623 1259 1687 indoli

85 1731 248 1796 sermonis
272 1736 351 1795 tunc
376 1731 505 1812 quidem
529 1731 691 1814 vigentis3
721 1730 764 1795 ef.
788 1732 859 1796 Pul.
884 1731 1033 1814 XXVII,
1063 1729 1098 1814 3,
1117 1766 1143 1813 3,
1167 1753 1259 1818 παρα-

84 1839 221 1923 κεκλήκει
254 1835 327 1909 τοὺς
350 1836 484 1911 πολλοὺς
513 1836 583 1925 ὑπὲρ
608 1844 659 1899 τοῦ
682 1845 827 1900 κοινωνεῖν
851 1844 910 1899 τῶν
945 1837 1041 1899 αὐτῶν
1072 1837 1197 1900 ἐλπίδων
1225 1843 1259 1902 et

85 1945 273 2027 Krebsium,
297 1946 417 2026 Praep.
441 1945 495 2010 bei
518 1946 590 2011 Pel.
616 1944 769 2028 (Schunz’
793 1945 899 2009 Beitr.
923 1945 955 2027 Ι)
980 1966 1011 2026 p.
1036 1941 1088 2009 40.

192 2053 342 2133 Denique
367 2072 538 2134 perperam
562 2053 731 2117 intellexit
755 2052 985 2135 Leemunsius
1019 2071 1100 2132 quae
1125 2057 1260 2117 exstant

85 2160 195 2241 paullo
220 2160 309 2225 infra

194 2267 278 2332 Col,
303 2265 369 2350 3,4
400 2285 447 2348 sq.
494 2267 683 2329 ἐπιτελοῦντα
720 2269 779 2350 (sc,
815 2267 864 2328 τὸν
901 2267 1082 2353 Δημήτριον)
1119 2268 1187 2337 τούς
1227 2289 1260 2329 τε

86 2372 158 2461 ὑπὲρ
172 2383 226 2460 τής
243 2371 415 2454 συντάξεως
431 2395 532 2460 χρημα
543 2372 546 2460 l
557 2372 690 2456 τισμοὺς,
707 2374 754 2435 καὶ
770 2375 784 2436 δ
802 2377 835 2434 ἂν
852 2374 928 2435 ἄλλο
945 2379 1149 2456 σοντάσσωμεν
1168 2422 1196 2436 ..
1212 2423 1218 2436 .
1234 2422 1259 2437 ..

192 2481 328 2546 Etenim
353 2481 466 2564 colligi
487 2481 602 2547 debuit
619 2501 659 2546 ex
676 2481 788 2546 Verbis
805 2481 851 2542 καὶ
868 2483 882 2542 ὃ
900 2484 933 2542 ἂν
951 2481 1025 2542 utin
1043 2486 1258 2563 contractuum,

83 2607 199 2655 vocem
236 2587 461 2676 χρηματισμοὺς
499 2591 561 2654 hnc
600 2589 728 2669 quidem
761 2590 832 2654 loco
863 2608 945 2671 non,
986 2589 1073 2652 sicut
1103 2588 1259 2672 alioquin,

84 2715 158 2761 esse
181 2701 373 2777 usurpatam
402 2697 442 2760 (le
472 2697 562 2779 regis
595 2696 784 2778 rescriptiS,
818 2695 876 2760 sed
904 2696 1002 2760 aliam
1026 2696 1186 2776 quandam
1211 2697 1259 2760 in·

84 2803 197 2868 (luisse
228 2803 406 2869 notionem.
453 2804 524 2868 Ηοο
555 2822 635 2869 vero
668 2804 717 2868 ite
748 2823 814 2868 non
845 2803 928 2868 feeit
959 2823 990 2868 v.
1022 2803 1064 2885 (1.,
1095 2808 1132 2867 ut
1163 2804 1259 2885 plane

85 2917 204 2976 contra
235 2931 348 2976 sanam
376 2911 539 2976 rationem
570 2911 689 2975 vitium
722 2912 828 2975 latere
860 2911 1076 2976 contenderet
1100 2911 1134 2975 iu
1158 2906 1258 2976 uerbo

86 3024 305 3100 σοντάσσιομεν,
331 3018 579 3101 corrigeretque
604 3025 800 3102 currumpunt
825 3019 878 3083 vel
903 3019 1054 3104 σονταχδή
1079 3019 1169 3083 uuila
1193 3019 1260 3084 alia

87 3127 128 3190 de
154 3145 254 3190 causa
278 3126 344 3190 uisi
367 3131 405 3190 ut
428 3126 574 3190 retinere
606 3131 719 3207 posset
743 3127 834 3191 illam
858 3126 950 3190 vocis
973 3129 1179 3212 χρηματισμός
1203 3146 1259 3191 nn-

85 3233 221 3298 tiunem.
269 3233 379 3314 Quid?
404 3233 594 3315 perversius
619 3233 792 3313 quidquam
815 3252 891 3297 uum
915 3238 1026 3314 potest
1050 3233 1215 3315 eogitari?

194 3340 296 3404 Immo
325 3339 544 3405 conferendus
578 3345 651 3404 eret
684 3339 828 3422 Polybii
849 3340 940 3404 loeus
964 3339 1132 3422 XXVIII,
1167 3337 1217 3423 19,
1237 3377 1260 3424 4,

88 3467 105 3513 e
131 3467 192 3529 quo
226 3449 414 3513 luculenter
441 3447 652 3513 manifestum
677 3453 745 3530 est,
778 3466 936 3528 quaenam
960 3446 1161 3529 significatio
1186 3450 1260 3512 sub-

88 3555 221 3620 icienda
245 3555 291 3620 sit
315 3555 390 3620 voci
414 3558 639 3642 χρηματισμος;
675 3555 814 3636 legimus
839 3554 924 3619 enim
949 3553 1017 3618 hic:
1042 3551 1111 3640 ὑπὲρ
1134 3557 1176 3639 ής
1200 3556 1260 3637 (sc.

87 3662 232 3749 θεωρίας)
256 3661 460 3750 Κλείστρατος
493 3663 613 3724 ἐποιεῖτο
647 3662 696 3723 τὸν
726 3661 928 3748 χρηματισμὸν
968 3660 1014 3722 καῖ.
1045 3659 1117 3733 τοὺς
1140 3662 1260 3743 λόγους.

89 3769 180 3852 Quae
205 3788 277 3833 cum
300 3769 350 3834 ita
375 3769 454 3852 siut,
479 3769 598 3851 papyri
623 3771 725 3833 verba
750 3769 880 3834 illesic
905 3767 1132 3849 interpretur:

197 3877 401 3941 Demetrium
425 3881 656 3940 exsecuturum
686 3897 741 3959 eu,
775 3895 856 3957 quae
874 3876 929 3940 ed
953 3875 1152 3957 stipendium
1176 3875 1261 3940 neci-

89 3982 243 4064 piendum
270 3982 441 4063 pertinent
464 3983 600 4065 negotia
630 3988 664 4048 et
695 4001 913 4063 quaecumque
945 3982 1080 4073 insuper
1112 3982 1143 4045 ei
1173 4002 1262 4047 man-

88 4089 213 4153 damus

198 4196 262 4260 Seu
286 4195 325 4260 de
349 4196 537 4260 Leenmnsii
562 4196 731 4261 erroribus
757 4196 821 4277 iam
846 4195 928 4274 setis
952 4195 1076 4260 dictum
1101 4201 1162 4277 est,
1187 4215 1262 4260 con·

89 4308 219 4367 vertam
234 4322 292 4366 rme
317 4303 358 4367 all
382 4302 632 4367 examinemlmu
657 4303 819 4384 copiam
842 4305 1080 4367 verborum:
1157 4360 1159 4364 ι

1033 4427 1049 4480 2
