2910 4980
600 431 922 500 -75-,

125 634 241 695 contre
256 636 382 695 rectam
403 629 570 696 scribendi
597 630 760 696 rationem
782 635 929 714 exarata,
953 630 1087 695 maximi
1111 630 1182 695 sine
1198 630 1296 696 dublo

124 737 281 803 momenti
297 743 349 802 est
365 738 455 803 locus
472 737 604 818 quidam
618 739 701 819 Pap.
718 737 825 821 Lugd.
836 739 877 804 I).
894 774 918 812 14
930 737 1035 803 libelli
1048 736 1297 803 accuratissime

125 844 306 925 conscripti
318 845 365 927 *):
390 847 569 932 ooveppeiuq.
595 883 635 891 -—
1251 840 1253 849 '

209 972 211 976 ·
231 951 336 1017 Recte
360 957 470 1017 autem
494 971 528 1016 se
553 953 678 1018 babent
702 952 788 1034 apud
811 952 1038 1017 Hultsohium:

234 1060 397 1147 ζωγρία,
422 1060 507 1139 quod
530 1077 659 1141 semper
683 1058 819 1124 exhibet
843 1059 913 1124 cod.
936 1060 968 1124 A
992 1060 1140 1142 exceptis
1163 1059 1246 1124 locIs
1268 1060 1297 1142 Ι,

171 1163 201 1249 9,
217 1188 244 1248 ⁸3
274 1164 424 1249 15,2.11,
449 1165 508 1250 8‚2
530 1166 560 1230 V
584 1165 637 1250 94,
652 1189 681 1249 ⁵3
706 1164 758 1249 95,
783 1202 818 1240 1o·
844 1165 886 1231 cf.
903 1166 989 1232 Ditt.
1014 1165 1089 1250 247,
1113 1202 1139 1242 ao
1163 1166 1297 1252 (Letoo-

171 1273 300 1354 orum):
324 1272 379 1346 οὓς
401 1271 432 1336 δὲ
456 1270 567 1361 {oppid
590 1272 768 1357 αυνέλαβεν;
792 1278 844 1357 αῖΙ

233 1376 399 1461 dictetur,
430 1381 514 1461 qnod
545 1381 669 1446 editum
705 1384 757 1445 est
791 1378 839 1443 IV
877 1377 958 1463 ola
989 1380 1097 1447 inuito
1122 1380 1234 1446 codice
1257 1380 1298 1464 A,

169 1487 255 1551 VIII
279 1485 360 1571 26„
384 1494 500 1554 contra
525 1488 649 1554 codicis
672 1488 701 1552 F
724 1487 901 1553 lectionem
925 1487 967 1553 cf.
992 1488 1027 1553 O.
1044 1488 1077 1554 J.
1094 1488 1134 1554 G.
1159 1486 1298 1572 1697,42

170 1594 344 1677 (Aegypt.)
369 1600 404 1661 et
427 1595 544 1682 ἐφοδεία
567 1616 619 1677 ap.
636 1596 724 1661 DItt.
749 1593 825 1677 228,
842 1633 868 1672 aa
892 1595 1083 1678 (Abderae).

605 1813 817 1822 ————.--

232 1948 267 2033 2)
292 1949 332 2014 Al
356 1956 391 2017 et
413 1951 468 2016 ul:

233 2058 324 2140 Quae
352 2058 491 2124 dicenda
519 2078 591 2124 esse
622 2059 800 2124 videantur
827 2059 867 2124 de
895 2058 1112 2142 diphthongis
1142 2058 1181 2121 Al
1205 2064 1240 2124 et
1262 2059 1299 2122 ul

125 2165 216 2230 inter
240 2184 275 2231 se
304 2165 527 2250 commutatis,
556 2166 605 2231 ita
628 2166 808 2249 proferam,
837 2171 875 2231 ut
903 2166 1067 2248 disputem
1094 2166 1135 2231 de
1159 2169 1300 2232 voeabu-

124 2274 232 2338 lorum
261 2273 398 2338 duorum
429 2273 544 2338 formis
572 2273 716 2339 diversis
744 2274 831 2356 apud
858 2273 1034 2357 Polybium
1063 2273 1171 2340 obviis
1195 2275 1301 2358 αημεία

127 2417 169 2426 -
195 2381 305 2462 σημαία
328 2385 362 2445 et
386 2381 501 2464 ἔγγαιος
526 2419 566 2426 -
592 2381 704 2464 ἔγγειος
727 2383 898 2465 (perdione
923 2419 963 2426 -
988 2379 1164 2465 μεσόγειος).

234 2486 339 2551 Valde
371 2488 478 2552 adhuc
509 2487 714 2552 dissentiunt
743 2506 775 2553 v.
808 2487 838 2553 d.
874 2488 914 2552 de
949 2487 1040 2552 illius
1071 2486 1163 2553 vocis
1196 2487 1301 2553 forma

126 2594 286 2678 genuina3
316 2613 354 2659 ac
382 2613 464 2675 quae
496 2594 676 2660 novissime
699 2594 895 2677 prodierunt
919 2595 1120 2678 sententiae,
1150 2596 1207 2659 e'ae
1231 2595 1300 2660 lon·

126 2701 263 2785 gissime
292 2720 343 2766 me
373 2701 482 2766 iudice
511 2722 530 2779 a
560 2721 640 2767 vero
672 2705 803 2768 absunt.
855 2702 1071 2784 Quamobrem
1098 2701 1203 2766 denuo
1228 2720 1302 2785 per-

127 2814 275 2874 tractare
299 2809 385 2874 hanc
409 2809 634 2900 quaestionem
656 2829 722 2874 non
746 2827 1026 2891 supervacaneum
1050 2808 1139 2873 duxi.

234 2915 368 2997 Duplici
393 2920 501 2981 autem
525 2916 682 2982 utendum
713 2935 786 2982 esse
814 2915 871 2981 via
895 2934 933 2980 ao
957 2914 1088 2981 ratione
1111 2915 1151 2980 ed
1177 2921 1302 2981 certum

126 3021 286 3087 iudicium
309 3022 495 3089 faciendum
518 3022 704 3088 iamdudum
730 3027 782 3087 est
805 3027 1029 3104 perspectum:
1053 3021 1193 3103 primum
1216 3020 1303 3086 enim

126 3147 263 3194 necesse
295 3133 347 3194 est
370 3129 559 3195 examinare
583 3129 679 3195 fidem
710 3129 858 3196 codicum
882 3147 1007 3211 eorum,
1036 3127 1152 3208 quibus
1176 3126 1302 3192 tradita

128 3242 181 3302 est
210 3236 314 3302 forma
342 3236 509 3317 quaelibet
536 3237 690 3303 vocabuli
719 3239 825 3320 σημεῖα
849 3275 888 3282 -
914 3237 1039 3318 σημαία,
1068 3233 1186 3299 deinde
1210 3233 1302 3299 inda·

128 3345 237 3428 ganda
262 3349 390 3408 suntet
410 3345 635 3426 percensenda
659 3344 850 3410 testimonia
874 3342 1097 3423 antiquiorum
1120 3342 1302 3408 titulorum.

128 3453 312 3532 Utrumque
343 3451 426 3517 fecit
453 3453 621 3518 Zacherus
651 3474 681 3534 p.
713 3450 755 3517 41
790 3471 837 3532 sq.
872 3452 925 3534 (de
953 3470 1039 3516 nom.
1068 3470 1118 3533 gr.
1147 3449 1182 3514 in
1211 3473 1302 3527 -αιος,

130 3583 203 3636 -aru,
221 3583 306 3637 -αιαν,
323 3560 419 3624 Halis
436 3558 547 3644 1877),
572 3560 626 3640 qui
642 3559 766 3642 primus
780 3597 820 3605 -
834 3564 987 3624 monente
1003 3557 1303 3640 Dittenbergero*)

131 3706 172 3714 —
198 3667 233 3732 in
257 3667 476 3749 suspicionem
499 3666 635 3732 vocavit
663 3668 773 3749 σημαία
803 3665 1002 3747 scripturam
1029 3663 1125 3729 unice
1154 3664 1196 3728 ed
1222 3663 1304 3729 illud

129 3781 260 3856 tempus
291 3777 535 3856 comprobatam
565 3792 603 3839 ac
635 3778 813 3855 receptam.
870 3773 982 3838 Haece
1009 3776 1119 3837 autem
1151 3769 1304 3852 exponit:

238 4025 265 4090 a)
285 4024 356 4079 idem
379 4025 455 4079 valet
482 4025 514 4077 de
540 4024 590 4077 hoc
613 4039 728 4092 papyro,
754 4023 826 4090 quod
850 4021 879 4075 in
906 4022 968 4076 adn.
997 4020 1054 4075 dixi
1076 4039 1103 4090 p.
1128 4021 1161 4075 15
1185 4022 1218 4075 de
1241 4038 1304 4090 pap.

130 4116 261 4185 Lugdun.
280 4115 316 4180 B;
335 4130 403 4178 nam,
417 4130 451 4167 ne
471 4113 515 4168 hie
534 4112 644 4181 quidem
664 4113 764 4166 desunt
783 4111 1008 4179 subscriptiones.
1027 4141 1061 4148 -

239 4202 265 4270 l)
285 4204 319 4257 cf.
339 4203 422 4257 etiem
442 4219 512 4272 quae
530 4206 626 4273 postea
645 4201 705 4272 ipse
717 4201 951 4271 Dittenbergerus
971 4199 1115 4255 adnotavit
1128 4200 1163 4253 ad
1176 4200 1305 4268 Syllogen

130 4310 174 4351 uo.
193 4291 254 4362 353,
270 4309 316 4350 roe.
