2910 4980
667 425 884 492 „38-

188 625 346 707 exemplis
374 644 393 689 a
422 622 553 689 Sohwlr.
594 623 706 688 allatis
733 622 840 687 minus
872 624 1003 704 planum
1038 622 1107 705 fiat,
1141 621 1233 686 hisce
1267 620 1361 685 illus·

188 734 301 798 trabo:

233 861 260 939 I,
285 852 365 938 11,2
388 855 499 942 ἔκριναν
524 853 642 936 βοηθεῖν
671 853 931 937 (constituerunt
962 853 1085 919 auxilio
1109 852 1249 935 venire),
1274 857 1361 921 VIII

233 962 263 1046 5,
279 999 301 1046 ρ,
326 963 437 1049 ἔκριναν
454 962 593 1023 ποιείσθω.
616 962 674 1033 τοίς
690 959 873 1047 προσβολὰς,
899 960 941 1025 ef.
958 957 1012 1042 21,
1028 983 1058 1042 ³3
1088 958 1140 1043 34,
1156 996 1178 1042 2,
1204 964 1264 1043 IX,
1287 958 1319 1042 5,
1335 983 1362 1042 ⁶3

234 1065 313 1153 10,2
337 1056 379 1134 al.
420 1051 559 1135 Gemina
584 1069 891 1149 exempla-exstant
915 1067 949 1131 in
973 1067 1101 1132 titulis:

232 1196 333 1260 Aroh.
359 1195 448 1260 Mitt.
480 1197 565 1263 VIII
591 1190 643 1275 96,
676 1194 710 1276 ll,
727 1228 754 1266 20
778 1192 948 1271 (Eumenis
977 1197 1013 1263 Π
1042 1196 1076 1256 et
1099 1190 1208 1257 Attali
1231 1192 1363 1273 epistt:

232 1325 258 1365 κ.
282 1305 415 1384 πέμπειν,
450 1301 484 1366 O.
510 1300 543 1365 J.
568 1300 608 1366 G.
634 1298 760 1382 4474,2
785 1299 954 1377 (Antioch.
978 1302 1095 1381 XIII),
1123 1298 1209 1363 Diti.
1234 1297 1312 1382 253,
1338 1337 1363 1374 12

233 1394 400 1491 (upote),
430 1408 517 1473 orer.
545 1403 621 1488 247,
638 1442 664 1480 a
694 1408 932 1490 (aulaeorum),
966 1402 1365 1501 uirr.215‚5(net01.);

232 1516 267 1581 in
291 1536 365 1597 pap.
389 1516 493 1580 Louv.
518 1510 571 1596 26,
589 1549 614 1587 ae
638 1519 672 1577 et
696 1514 782 1595 apud
806 1513 1032 1596 Hipparchum
1056 1534 1087 1595 p.
1113 1509 1164 1577 97.

90 1639 94 1648 '
188 1643 239 1707 De
269 1641 429 1723 pecuniis,
463 1656 544 1719 quae
577 1637 728 1702 alicunde
761 1638 915 1721 redeunt,
952 1639 1051 1721 vulgo
1081 1637 1214 1719 Polybii
1247 1643 1363 1704 aetate

188 1757 312 1823 dietum
336 1747 559 1822 ostentarem:

234 1873 277 1938 of.
301 1873 372 1939 Pol.
397 1877 433 1941 ΙΙ
458 1870 549 1957 62,1,
574 1869 754 1958 ἑξακισχίλια
777 1873 910 1933 τάλαντα
939 1879 1034 1932 πεσεῖν
1058 1877 1123 1941 τοῖς
1146 1868 1219 1931 Λακ.
1244 1869 1277 1955 ἐπ
1302 1877 1364 1932 τῶν

233 1981 384 2065 λαφύρων.
432 1979 518 2045 Dim.
557 1977 633 2063 248,
650 2015 688 2052 172
725 1977 880 2060 (Olbiae):
918 1978 956 2039 τά
989 1973 1074 2057 ιδὀὶπό
1108 1983 1167 2038 τῖον
1208 1977 1363 2063 προσόδων

232 2088 385 2168 πίπτοντα,
410 2087 445 2151 U.
462 2087 495 2152 J.
513 2088 553 2153 G.
579 2084 666 2152 2448
689 2086 759 2168 V,4
783 2086 937 2166 (Therae)
962 2084 1015 2146 τόν
1039 2086 1196 2146 πίπτουσαν
1219 2084 1363 2167 πόθοδον,

232 2195 329 2260 Rosa.
354 2176 436 2259 inse.
461 2215 511 2278 gr.
537 2194 624 2259 ined.
648 2198 684 2262 Π
708 2189 784 2275 198,
802 2215 843 2273 143
867 2193 915 2256 Le
933 2194 1000 2256 Bas
1024 2197 1059 2260 II
1083 2189 1166 2256 303²
1187 2191 1363 2272 (Thuriae)

233 2301 273 2366 de
288 2301 343 2366 tit.
360 2301 490 2367 Andan.
512 2301 555 2366 of.
571 2303 605 2366 h.
622 2301 652 2366 d.
670 2321 701 2382 p,
718 2297 771 2365 32.
809 2301 891 2382 Pap.
909 2299 1015 2383 Lugd.
1032 2301 1061 2381 Q
1078 2298 1130 2383 Il„
1154 2300 1236 2380 Pap.
1252 2299 1364 2365 Louv.

175 2443 178 2450 ·
233 2405 285 2491 62,
311 2408 378 2473 001.
403 2406 433 2490 4,
451 2444 476 2482 14
500 2409 541 2473 21.

294 2547 505 2655 χωρίζεσθαι
539 2562 699 2631 ἀπότινος
730 2559 811 2624 adeo
841 2558 953 2624 omisit
976 2558 1143 2640 propriam
1174 2557 1241 2622 vim
1273 2559 1365 2640 apud

188 2675 373 2759 Polybium,
397 2682 435 2741 ut
459 2676 680 2758 coniungatur
703 2694 775 2739 eum
799 2674 1046 2756 praepositione
1070 2675 1131 2746 εἱςι

232 2801 271 2884 V,
289 2799 347 2884 2,g
370 2801 528 2887 χωρισθείς
549 2801 593 2872 είς
614 2799 756 2875 Χαλκίδα,
774 2800 816 2864 ef.
838 2801 919 2881 Pap.
941 2801 1025 2882 Lug.
1049 2801 1089 2882 D,
1114 2797 1156 2864 15
1180 2821 1366 2887 προσχωροσ-

232 2908 342 2980 θέντος
371 2930 421 2970 σου
449 2909 494 2980 είς
523 2905 596 2981 τοὺς
620 2910 680 2968 ἅνω
711 2911 839 2988 τόπους,
870 2908 952 2988 Pap.
976 2907 1081 2973 Louv.
1112 2904 1222 2991 15,25;
1254 2904 1366 2990 22,14.

80 3050 83 3057 ·
190 3034 399 3116 Quapropter
446 3033 532 3098 Ditt.
576 3029 659 3115 252,
682 3069 708 3106 30
747 3032 1001 3115 (Chersonnesi,
1051 3050 1137 3097 eaeo.
1177 3034 1205 3113 I)
1248 3031 1367 3112 utique

190 3146 281 3206 recte
306 3160 340 3206 se
364 3142 481 3206 habet:
506 3141 551 3213 εἰς
575 3138 648 3212 τοὺς
672 3141 747 3202 κατοί
765 3139 912 3226 Βόσπορον
930 3143 1040 3212 τόπους
1057 3139 1253 3226 χοορεσίίίείίς,
1279 3140 1367 3219 quod

190 3248 470 3331 Dittenbergerus
500 3247 642 3313 retinuit
672 3247 707 3312 in
736 3247 901 3330 exemplo,
941 3247 977 3312 in
1005 3246 1137 3312 dubium
1166 3245 1301 3312 vocavit
1329 3246 1366 3311 in

192 3354 418 3421 adnotatione.

298 3489 463 3569 Nusquam
486 3492 564 3553 ante
587 3487 761 3569 Polybium
784 3487 993 3553 coniunctum
1018 3492 1069 3552 est
1099 3476 1305 3577 προσπίπτει
1334 3478 1367 3552 τί
1428 3466 1435 3500 ’“

191 3624 257 3701 μοι,
280 3610 319 3670 ut
340 3604 426 3670 idem
450 3603 495 3668 sit
519 3603 618 3684 quod:
644 3603 789 3685 ,aliquid
812 3604 893 3668 mihi
915 3604 957 3668 ad
973 3622 1069 3669 aures
1086 3602 1212 3668 venit“.
1251 3602 1365 3669 Primo

192 3721 254 3788 hoc
291 3721 417 3803 legitur
444 3721 515 3786 Pol.
547 3724 564 3790 I
597 3717 676 3795 16.1
712 3723 934 3807 προσπεσόντων
972 3721 1017 3792 εἰς
1054 3719 1109 3803 τὴν
1143 3715 1269 3801 Ῥώμην
1305 3724 1366 3780 τῶν

192 3833 440 3916 προτερημάτων,
477 3829 518 3891 al.
580 3832 631 3909 II,
664 3825 744 3909 63,,
780 3830 840 3908 ἅμα
873 3827 916 3911 τῷ
954 3834 1123 3914 προσπεσεῖν
1159 3825 1248 3910 αὐτῷ,
1284 3825 1366 3888 διότι.

192 3937 304 4016 Neque
329 3935 429 4000 aliter
452 3934 739 4016 interpretandum
756 3934 835 3999 erit:
882 3938 947 4016 ΙΙΙ,
975 3932 1053 4017 133
1075 3933 1300 4021 προσπεσούσης
1317 3932 1367 3995 οὖν

193 4052 252 4129 τῆς
271 4039 456 4129 Ἀσδροὺβοο
481 4044 637 4127 τελευτῆς.
690 4042 737 4106 ut
762 4042 859 4124 plane
889 4041 974 4105 idem
1005 4043 1107 4107 habes
1138 4041 1172 4106 in
1196 4059 1322 4123 papyro
1348 4060 1368 4106 a

193 4150 370 4216 Wilokeno
399 4149 449 4213 ed.
480 4168 532 4214 no.
560 4149 672 4223 VIII3
701 4149 761 4211 ἐπεὶ
785 4151 1008 4235 προσπέπτωκεν
1040 4150 1124 4234 ἡμῖν,
1154 4167 1228 4230 pap.
1259 4147 1368 4213 Louv.

194 4253 246 4341 63,
263 4292 299 4331 30.
345 4256 526 4338 Perperam
542 4256 647 4340 igitur
663 4255 878 4320 Leemansius
901 4256 983 4336 Pap.
1004 4255 1076 4329 Aa
1100 4258 1369 4341 προσπεπτωκότος
