2910 4980
630 441 848 508 „13-

257 638 374 718 Itaque
398 637 515 720 exiis,
539 657 618 718 quos
642 639 771 723 collegi,
796 640 906 705 titulis
932 659 1016 706 saec.
1034 642 1089 706 III
1105 642 1141 706 II
1157 641 1215 725 Ι*)
1240 661 1325 707 nunc

149 744 299 809 breviter
335 747 479 810 conabor
507 745 694 828 explicare,
726 751 761 809 et
792 765 931 826 quanam
955 748 1025 812 fere
1049 753 1161 812 aetate
1185 748 1325 831 singulis

149 852 184 916 in
208 853 400 935 regionibus
425 856 618 917 constanter
641 853 796 934 usurpari
821 859 956 935 coeptae
985 854 1053 919 sint
1076 864 1177 940 κοινῆς
1201 855 1324 921 formae

149 965 184 1023 et
208 959 474 1039 quemadmodum
495 964 595 1024 antea
618 959 682 1024 iam
704 967 888 1041 appareant
908 961 1005 1025 huius
1026 961 1162 1026 dialecti
1179 962 1323 1044 vestigia

148 1067 184 1131 in
209 1073 374 1132 certarum
396 1064 573 1132 civitatum
596 1067 743 1132 decretis
768 1068 919 1149 publicio.

256 1175 326 1257 Qua
351 1175 524 1240 occasione
548 1176 659 1240 oblata
686 1175 783 1240 simul
806 1179 957 1259 monebo,
982 1195 1063 1256 quae
1088 1176 1227 1241 dicenda
1251 1195 1323 1242 esse

146 1283 326 1347 videantur
343 1282 382 1346 de
400 1301 520 1364 graeco
538 1283 708 1347 scribendi
725 1301 847 1365 genere
864 1283 1029 1349 hominum
1042 1303 1107 1349 non
1120 1302 1322 1366 graecorum.

555 1517 608 1590 De
637 1543 677 1590 eo
705 1523 826 1615 κοινῆς
853 1545 917 1592 usu

222 1658 277 1739 qui
301 1677 387 1723 saec.
412 1658 466 1721 III
490 1657 526 1721 II
550 1658 567 1721 Ι
591 1657 733 1741 singulis
757 1658 792 1723 in
817 1658 1012 1724 civitatibus
1035 1664 1174 1740 apparet
1183 1658 1243 1741 **).

715 1839 756 1903 A.

253 1964 365 2029 PrImo
393 1965 463 2028 loco
488 1982 617 2046 moneo,
644 1963 763 2047 omnia,
788 1982 869 2044 quae
897 1981 937 2027 ex
962 1963 1064 2027 curiis
1087 1961 1321 2027 diadochorum

145 2077 181 2136 et
190 2072 403 2154 epigonorum
417 2070 612 2153 prodierunt
625 2071 814 2136 litterarum
826 2075 1045 2154 monumenta,
1058 2070 1155 2154 κοινὴν
1163 2069 1319 2134 exhibere
1409 2066 1413 2074 ’

144 2180 333 2244 dialectum.

252 2288 360 2352 Hasce
384 2292 494 2351 autem
518 2280 670 2370 congessi
693 2286 845 2351 litteras:

252 2394 436 2460 Alexandri
460 2395 574 2485 Magni
597 2395 641 2478 (1)
665 2395 751 2459 Bull.
775 2393 830 2457 III
854 2414 885 2475 p.
910 2389 985 2458 320.
1009 2431 1049 2438 -

250 2503 398 2585 Philippi
422 2501 622 2567 Arrhidaei:
647 2501 752 2567 Hicks
777 2498 851 2584 125,
867 2536 969 2575 oa-nn·
995 2539 1035 2545 —

250 2610 444 2676 Cassandri:
478 2610 565 2675 Ditt.
591 2606 670 2692 127,
700 2608 922 2691 Antigoni-I:
953 2607 1039 2672 Ditt.
1066 2605 1129 2672 126
1154 2612 1188 2672 et
1211 2608 1317 2674 Hicks

142 2716 359 2802 125,103-119;
386 2717 535 2799 Phihppi
558 2717 603 2781 V:
639 2716 725 2781 Ditt.
758 2713 831 2799 192,
861 2715 948 2781 Ditt.
976 2712 1055 2798 195,
1086 2716 1199 2780 Athen
1226 2715 1316 2782 Mitt.

140 2825 209 2890 VH
233 2847 264 2907 p.
289 2823 348 2909 64,
374 2865 413 2871 -

249 2933 460 3016 Lysimachi:
483 2933 590 2998 Hicks
616 2930 690 2997 152.
717 2971 756 2977 -

249 3041 407 3106 Eumenis
430 3041 462 3105 I:
500 3040 588 3105 Iusc.
612 3041 711 3122 Perg.
738 3037 778 3103 13
808 3044 842 3103 et
867 3037 918 3122 18,
939 3061 1018 3121 1-203
1051 3038 1161 3103 Attali
1186 3038 1204 3102 I
1227 3039 1315 3104 Inse.

138 3149 240 3230 Perg.
266 3144 324 3229 46,
354 3147 513 3213 Eumenis
537 3148 589 3211 II:
620 3144 709 3212 Insc.
733 3148 833 3229 Perg.
858 3143 939 3228 157,
965 3143 1029 3211 158
1053 3146 1108 3230 (1),
1135 3143 1215 3228 163,
1248 3147 1314 3212 Eu·

138 3255 245 3320 menis
268 3255 305 3318 II
329 3260 364 3318 et
386 3255 496 3319 Attali
520 3255 603 3339 (lllz
625 3255 729 3319 Arch.
754 3254 859 3337 epigr.
883 3253 973 3319 Mitt.
998 3253 1083 3317 VIII
1108 3274 1138 3335 p.
1164 3250 1205 3317 96
1230 3272 1315 3353 sqq.3

138 3361 250 3428 Attali
272 3362 309 3426 II
333 3368 367 3426 et
390 3362 500 3427 Attali
523 3362 594 3425 III:
618 3362 706 3426 Insc.
731 3362 830 3444 Perg.
855 3358 931 3425 248.
957 3399 997 3406 -

246 3469 407 3535 Antiochi
430 3469 464 3533 I:
496 3469 583 3534 Ditt.
616 3467 696 3552 158,
727 3468 887 3533 Antiochi
917 3468 972 3532 II:
1002 3468 1089 3532 Ditt.
1115 3465 1196 3551 166,
1227 3468 1313 3533 Bull.

137 3578 228 3644 XIII
248 3574 329 3660 525,
358 3577 487 3642 Seleuci
499 3576 552 3641 II:
578 3577 664 3641 Ditt.
695 3573 880 3660 170,10-29;
909 3576 1069 3642 Antiochi
1085 3575 1153 3639 III:
1188 3575 1237 3639 Le
1247 3577 1313 3640 Bas

137 3684 193 3749 Ill
218 3682 345 3767 271323
368 3684 529 3750 AntIochi
552 3684 640 3748 XIII
665 3686 696 3747 i:
721 3683 756 3748 6.
780 3684 812 3749 J.
838 3684 878 3750 G.
903 3680 1000 3767 4474,
1018 3706 1113 3766 aaa
1138 3721 1177 3727 —

135 3823 143 3837 ·
245 3792 427 3857 Ptolemaei
451 3791 506 3855 III
529 3791 707 3885 Euerget.:
732 3791 838 3855 Hicks
863 3788 926 3855 173
952 3792 1104 3873 (monum.
1127 3789 1252 3871 Adul.).

245 4038 271 4105 11
290 4040 465 4108 praetermisi
485 4042 638 4108 plerosque,
659 4039 706 4106 qui
725 4040 838 4094 minoris
857 4039 977 4093 ambitus
998 4043 1071 4107 sunt,
1092 4038 1196 4092 titulos

227 4128 270 4195 11)
291 4145 361 4197 qliae
380 4131 489 4197 prolata
508 4135 573 4184 sunt
592 4131 624 4183 dc
644 4131 695 4183 hac
713 4146 743 4183 re
756 4131 790 4184 ab
804 4129 938 4184 Ahrensio
958 4130 990 4182 de
1010 4130 1065 4182 dial
1084 4130 1148 4182 Dor.
1167 4132 1181 4191 §
1201 4128 1226 4196 1,
1245 4147 1271 4196 p.
1285 4128 1310 4189 6,

135 4219 264 4288 Franzio,
293 4221 369 4274 elem.
399 4220 487 4289 epigr.
516 4239 542 4288 p.
563 4221 614 4273 183
634 4222 669 4286 al,
696 4220 855 4289 Rainachio,
882 4220 968 4274 truite
993 4219 1162 4288 d’epigraph.
1189 4233 1310 4286 grecque

136 4327 163 4377 p.
184 4308 235 4362 291
257 4326 315 4377 sqq.
335 4326 388 4363 non
408 4314 504 4363 carent
523 4309 697 4378 gravioribus
717 4310 864 4365 erroribus.
