2910 4980
664 428 883 504 ὴ61-

293 633 465 698 Accedunt
488 633 564 698 alia.
612 633 777 715 Exposuit
801 633 887 698 enim
912 633 1127 699 Goetzelerus
1151 654 1182 715 p.
1207 631 1251 698 15
1276 634 1368 700 haud

186 758 307 823 pancas
330 760 428 806 voces
452 746 529 805 ante
545 739 720 822 Polybium
736 759 801 806 non
817 740 886 824 legi
902 742 989 823 apud
1005 741 1186 823 scriptores
1203 740 1368 826 Graecos,

186 846 251 911 nisi
273 846 308 912 in
323 847 540 929 Hippocratis
563 847 670 912 libris
717 847 786 912 Nec
809 852 920 913 tamen
944 847 1021 912 inde
1045 847 1268 930 colligendum
1291 854 1368 913 erat

188 954 382 1036 „Polybium
398 955 488 1020 illius
504 954 623 1020 medici
639 955 742 1020 libros
759 954 1014 1039 diligentissima
1031 955 1212 1038 perlegisse
1237 974 1367 1021 eornm·

186 1079 247 1142 que
280 1062 453 1145 nonnulla,
487 1062 606 1144 quippe
641 1062 697 1142 qui
729 1062 903 1144 plurimum
935 1063 1065 1129 valeret
1095 1062 1269 1147 memoria,
1302 1063 1367 1127 hac

186 1170 422 1250 comprehensa
445 1168 665 1250 tenuisse.“*)

293 1275 395 1340 Immo
412 1276 584 1357 perspIoue
601 1280 740 1357 apparet
756 1295 774 1340 e
790 1276 900 1341 titulis
918 1281 951 1341 et
975 1276 1121 1359 papyris,
1146 1277 1248 1341 haece
1265 1295 1367 1343 voca·

185 1383 262 1448 bula
285 1402 351 1448 non
375 1382 475 1448 aliter
498 1383 692 1464 pervenIsse
708 1383 743 1448 in
760 1402 942 1449 sermonem
966 1402 1166 1449 communem
1190 1388 1290 1464 atque
1316 1403 1367 1461 ea,

186 1508 268 1570 quae
291 1507 391 1572 supra
415 1490 531 1554 attuli:
1117 1568 1120 1586 ι

293 1601 444 1683 χειρισρός
476 1597 605 1681 (Goetz.
631 1617 661 1679 p.
687 1594 742 1680 16)
772 1603 806 1663 et
829 1600 965 1685 χειρίζιο,
997 1598 1081 1679 quod
1104 1597 1223 1662 afferre
1255 1598 1368 1679 potnit

186 1703 401 1768 Goetzelerus
431 1723 496 1769 non
528 1703 655 1769 minore
690 1705 762 1769 iure
794 1724 889 1785 quam
922 1705 1168 1770 substantivum
1202 1709 1368 1792 χειρισμὸς,

186 1810 277 1874 dicta
308 1815 387 1875 sunt
419 1812 459 1875 ab
490 1811 695 1893 Hippocrate
726 1811 766 1876 de
797 1811 998 1877 medicorum
1025 1810 1246 1894 sectionibus;
1278 1813 1368 1894 apud

185 1917 360 1999 Polybium
384 1917 546 1983 sescentis
570 1918 653 1984 locis
676 1918 763 1983 idem
786 1919 916 2002 valent,
946 1919 1030 1999 quod
1057 1918 1258 2000 „tractatio“
1287 1919 1367 2000 „ad-

187 2024 412 2089 ministratio“
437 2027 707 2109 (machamata).
746 2025 970 2091 Conferantur
993 2031 1121 2091 autem:
1151 2027 1233 2108 Pap.
1258 2026 1367 2092 Lonv.

186 2128 244 2215 26,
264 2167 289 2206 111
313 2137 372 2193 τῶν
388 2130 419 2194 δὲ
435 2132 511 2220 πρὸς
527 2141 592 2205 τοῖς
609 2141 772 2220 χειρισμοῖς
788 2135 983 2217 τεταγμένων,
1007 2133 1064 2199 ubi
1080 2138 1171 2198 recte
1195 2134 1231 2198 in
1255 2132 1368 2199 indice

186 2239 429 2322 interpretatus
457 2246 510 2304 est
534 2240 642 2305 editor
676 2241 885 2322 „expedition
914 2241 971 2306 des
995 2239 1164 2324 affaires“‚
1200 2240 1280 2306 ibid.
1308 2239 1368 2326 62,

187 2346 248 2411 ool.
275 2344 310 2430 4,
326 2381 351 2420 11
375 2347 389 2408 6
418 2344 470 2429 μὲν
494 2347 644 2433 χειρισμὸς
668 2348 748 2410 ἔσται
771 2343 803 2410 δι’
832 2348 927 2411 αὐτῶν
952 2347 994 2414 cf.
1025 2366 1057 2414 v.
1077 2345 1120 2413 26
1143 2349 1193 2410 τὸν
1218 2349 1368 2435 χειρισμὸν

186 2459 246 2515 τῶν
274 2459 463 2537 pampilione,
501 2460 535 2519 et
567 2455 627 2520 col.
655 2453 717 2538 5,1
743 2463 808 2528 τοῖς
839 2456 945 2527 ἅλλοις
977 2463 1147 2542 χειρισμοῐς.
1194 2456 1230 2521 O.
1258 2455 1292 2520 J.
1328 2456 1368 2522 G.

188 2560 288 2647 1845,
308 2598 341 2650 45,
356 2599 448 2650 89,1()1,
463 2600 561 2650 1011139
585 2565 765 2648 (COI'CyI'aO
790 2583 876 2630 saec.
901 2564 956 2629 HI
981 2565 1037 2629 Vel
1059 2564 1126 2647 H):
1161 2556 1319 2650 χέἱρῖζεῑνι
1334 2564 1367 2626 τὸ

187 2671 336 2757 oppiana
360 2670 446 2735 Ditt.
464 2669 539 2754 248,
556 2707 594 2745 111
611 2677 645 2737 et
662 2707 700 2746 119
723 2671 854 2755 (Olbiae
879 2690 904 2736 S.
926 2671 980 2735 ΙΠ
997 2671 1052 2737 vel
1067 2671 1133 2752 II):
1158 2671 1290 2757 χειρίσας
1307 2671 1369 2743 τὰς

186 2777 349 2863 προσόδους
367 2828 373 2842 .
393 2800 414 2859 .;
438 2777 526 2842 Insc.
543 2779 642 2862 Perg.
661 2775 723 2842 161
740 2779 779 2862 Β,
795 2813 820 2852 11
844 2780 944 2862 (saec.
960 2777 1029 2862 H):
1052 2778 1202 2866 προσόδων
1218 2777 1259 2838 ὠν
1275 2779 1367 2865 χειρί-

188 2890 308 2967 ζουσιν,
336 2884 424 2950 Ditt.
449 2883 565 2968 25311
594 2885 735 2969 (Ephesi
766 2903 852 2951 saec.
882 2885 929 2968 I);
966 2885 1001 2951 O.
1025 2886 1058 2950 J.
1082 2886 1123 2951 G.
1156 2884 1231 2950 add.
1265 2881 1368 2968 3641,

186 2992 217 3073 b,
238 3025 263 3064 11
279 2989 487 3074 (Lampsaci,
510 2996 583 3057 aet
601 2991 744 3074 ino.).**)

188 3149 297 3187 munem
317 3150 405 3188 usum.
444 3134 522 3201 Quod
541 3135 660 3189 fortasse
680 3134 780 3188 accidit
799 3134 828 3188 in
848 3150 913 3189 voce
928 3130 1079 3204 δορίκτητος,
1099 3150 1169 3201 quae
1182 3134 1270 3204 primo
1284 3151 1367 3190 usur-

187 3227 254 3291 pata
281 3228 324 3276 est
349 3223 378 3277 in
404 3223 500 3277 Iliadis
527 3224 694 3279 carminibus
721 3229 749 3276 et
776 3224 809 3278 ab
835 3223 982 3293 Euripide,
1008 3223 1106 3277 deinde
1130 3223 1268 3278 sollemnis
1289 3225 1367 3279 vocis

187 3327 299 3365 munere
319 3312 416 3366 iuncta
435 3328 494 3366 esse
513 3313 625 3366 videtur
638 3313 712 3380 apud
726 3312 871 3366 diadochos
886 3313 931 3380 (of.
944 3313 1141 3381 Hieronymum
1155 3329 1199 3381 ap.
1212 3313 1367 3368 Diodorum

188 3402 286 3455 XVIII
305 3400 340 3454 43
360 3401 394 3454 oi.
413 3401 448 3454 39
468 3407 496 3455 et
516 3402 661 3470 Polybium
681 3403 788 3469 XVIII,
808 3403 850 3470 51,
865 3403 903 3470 4);
930 3407 1022 3456 exstat
1048 3408 1194 3472 praeterea
1213 3401 1242 3456 in
1262 3402 1366 3473 fragm.

188 3490 298 3544 fabulae
321 3490 397 3544 illius
423 3496 488 3544 ante
515 3491 713 3560 imperatorum
739 3497 877 3561 tempora,
904 3498 936 3547 ut
962 3492 1086 3561 videtur,
1113 3491 1288 3560 compositae,
1309 3509 1367 3560 qua

187 3578 251 3632 Nini
270 3578 345 3648 regis
364 3595 408 3633 res
428 3585 524 3648 gestae
543 3585 695 3634 narrantur
715 3582 765 3647 (ed.
784 3583 902 3634 Hermae
917 3581 1041 3635 XXVIII
1055 3580 1143 3647 1893).
1180 3580 1257 3634 Idem
1277 3582 1365 3650 valet,

187 3668 216 3722 ni
235 3668 325 3736 fallor,
345 3669 378 3722 de
398 3668 533 3723 adiectivo
552 3669 647 3740 νήπιος,
668 3670 834 3725 abhorrente
853 3670 900 3724 illo
919 3670 953 3724 ab
966 3670 1123 3724 Atticorum
1136 3686 1218 3738 prosa
1237 3670 1366 3726 oratione

187 3757 325 3826 (Platonis
344 3758 416 3812 enlm
435 3758 487 3813 loci
513 3775 547 3812 ex
565 3759 689 3814 Axiooho
708 3761 822 3828 repetiti
842 3761 932 3828 sunt),
958 3775 1009 3813 nec
1034 3765 1127 3813 tamen
1146 3759 1236 3813 alieno
1255 3760 1290 3813 ab
1310 3775 1366 3814 usu

186 3847 355 3915 Aristotelis,
374 3848 491 3916 Polybii,
511 3850 684 3919 Papyrorum
704 3850 748 3916 (ef.
768 3851 896 3919 Lugdun.
916 3851 947 3902 B.
967 3850 1017 3903 col.
1046 3850 1070 3917 1,
1089 3849 1134 3917 aa),
1160 3852 1258 3917 poetae
1277 3848 1364 3918 illius,

188 3936 235 4003 qui
254 3936 375 3990 fabulam
395 3937 429 3990 de
448 3937 518 3991 Nino
538 3938 699 4007 composuit.

293 4025 319 4092 l)
339 4042 420 4094 quam
440 4029 606 4082 sententiam
625 4029 827 4096 comprobatam
842 4045 901 4083 esse
914 4028 948 4082 ab
961 4028 1107 4082 Hultsohio
1126 4028 1164 4095 (in
1184 4028 1251 4083 edit.
1270 4025 1365 4083 vo11¹

188 4131 214 4182 p.
234 4115 322 4181 XXX)
342 4117 423 4169 valde
442 4117 535 4171 miror.

275 4205 319 4272 11)
339 4206 454 4261 verbum
480 4207 658 4276 compositum
684 4203 830 4279 διαχειρίζω
856 4207 958 4262 Atticis
984 4207 1013 4261 in
1047 4224 1100 4261 usu
1127 4207 1213 4262 fuisse
1233 4207 1363 4262 videtur:

187 4294 221 4347 of.
241 4295 314 4349 Plat.
328 4295 412 4365 Gorg.
432 4296 493 4364 526,
512 4297 544 4365 Β,
563 4297 598 4351 al.
618 4302 646 4351 et
665 4297 737 4351 Ditt.
756 4297 818 4364 337,
838 4314 864 4353 ro
883 4302 912 4352 et
930 4313 956 4351 aa
976 4297 1030 4364 (tit.
1050 4295 1228 4364 hinetona
1247 4313 1272 4350 a.
1292 4296 1363 4364 (lh).
