2910 4980
602 392 877 458 -7-*

113 611 154 657 ex
176 592 256 674 hac,
291 609 387 671 quam
410 589 556 673 suscepi,
590 589 826 671 disputatione.
874 590 1002 671 Operae
1034 590 1120 655 euim
1143 589 1285 672 pretium

112 717 184 764 esse
214 698 421 781 existimavi,
455 697 651 781 diligentius
692 697 880 763 etiamnunc
924 697 1092 778 inquirere
1128 697 1163 762 iu
1199 698 1285 762 hauc

112 806 347 889 quaestionem,
371 823 522 888 eamque,
548 804 577 869 si
600 803 740 887 possim,
765 823 803 869 eo
827 804 1023 887 perducere,
1054 809 1092 868 ut
1115 808 1284 886 appareat,

111 933 187 978 nuru
211 916 304 978 certa
327 911 484 997 quaedam
508 910 721 993 dialectus*),
753 929 835 990 quae
859 910 1010 993 eandem,
1042 909 1226 991 ubicunque
1249 910 1284 975 in

111 1020 237 1085 litteris
270 1025 439 1103 occurrat,
465 1057 505 1065 —
531 1018 631 1084 etiam
665 1018 700 1083 in
732 1018 845 1084 verbis
876 1018 1057 1102 eligendiS,
1089 1017 1284 1102 scribendis,

112 1126 342 1208 componendis
367 1164 408 1172 -
433 1145 512 1208 prae
537 1144 572 1191 se
596 1125 685 1190 ferat
709 1124 852 1206 speciem
872 1112 970 1206 atque
993 1125 1136 1191 indolem
1151 1125 1284 1208 Polybii

111 1233 182 1298 fere
205 1233 408 1315 temporibus
432 1233 467 1297 in
493 1232 654 1298 communi
677 1251 738 1296 usu
762 1231 911 1315 viguisse
927 1232 1073 1313 putanda
1089 1232 1144 1297 sit.
1183 1233 1285 1297 Patet

110 1347 237 1426 autem,
268 1361 408 1423 quanam
438 1341 494 1407 via
525 1360 564 1406 ac
587 1340 719 1406 ratione
743 1340 827 1405 lucis
849 1339 974 1420 aliquid
997 1338 1099 1435 affere
1123 1338 1283 1421 possimus

110 1449 187 1515 huic
210 1450 407 1530 quaestioni.

217 1557 313 1622 Hunc
346 1557 433 1621 euim
463 1557 498 1621 iu
529 1556 658 1622 modum
691 1555 900 1621 instituenda
929 1559 981 1619 est
1011 1553 1215 1636 disquisitio,
1246 1558 1284 1618 ut

111 1663 259 1747 singulas
275 1682 385 1747 rocoa,
402 1663 536 1746 formas,
554 1662 771 1745 syntecticas,
795 1666 833 1726 ut
849 1661 898 1726 ita
914 1661 1031 1745 dicam,
1048 1660 1283 1744 proprietates,

110 1788 192 1850 quae
223 1769 363 1835 alieuius
393 1770 550 1836 momenti
582 1788 654 1835 esse
685 1769 843 1835 videntur
872 1768 914 1834 ad
937 1770 1023 1835 hanc
1048 1768 1282 1852 quaestionem,

110 1895 204 1957 quam
228 1876 479 1943 accuratissime
511 1895 745 1958 persequamur
769 1881 804 1941 et
827 1894 944 1940 eruere
968 1877 1173 1959 studeamus,
1205 1895 1283 1941 num

110 1984 257 2064 aequalis
281 2003 392 2050 earum
415 2003 494 2050 usus
518 1989 679 2066 appareat
702 1983 789 2065 apud
812 2001 923 2049 omnes
947 1983 1077 2048 illorum
1100 1986 1282 2064 temporum

109 2092 234 2163 κοινούς.
716 2172 718 2177 ι
1025 2093 1028 2099 ’

217 2197 277 2262 Oui
302 2197 351 2262 rei
375 2197 595 2263 illustrandae
619 2216 692 2261 oum
715 2195 881 2261 inservire
906 2194 1078 2261 consilium
1098 2195 1282 2261 iniissema

108 2303 313 2386 Polybianae
337 2305 495 2371 dictionis
519 2305 639 2371 studiis
668 2304 817 2387 profecto
849 2303 930 2368 mihi
953 2303 1105 2387 inprimis
1130 2322 1203 2369 sese
1227 2307 1281 2369 ob·

108 2412 259 2476 tulerunt
282 2412 375 2477 tituli
399 2431 485 2478 saec.
510 2413 565 2477 III
589 2413 624 2477 Π
648 2413 665 2476 Ι
690 2433 719 2477 a.
744 2413 803 2477 ch.
826 2411 923 2495 n.**),
948 2430 1027 2493 quos
1051 2415 1281 2493 perscrutarer

47 2562 49 2566 v
109 2523 207 2599 atque
238 2518 273 2583 in
307 2520 585 2603 comparationem
617 2538 781 2585 vocarem.
828 2519 963 2584 Etenim
996 2539 1014 2584 e
1042 2517 1280 2584 diversissimis

109 2624 301 2709 regionibus
325 2626 419 2693 nobis
450 2627 665 2708 suppeditant
689 2625 850 2692 sermonis
879 2626 1028 2708 exempla
1051 2628 1147 2708 grato
1172 2624 1279 2689 animo

108 2733 318 2815 accipienda,
351 2752 390 2798 ac
421 2733 451 2798 si
479 2733 551 2813 quis
583 2738 710 2798 certum
740 2731 897 2818 iudicium
929 2731 1040 2797 facere
1071 2732 1144 2796 vult
1167 2730 1207 2795 de
1231 2731 1280 2795 eis

109 2842 223 2923 rebuS,
248 2859 330 2920 quae
354 2829 525 2929 portinent
548 2839 590 2905 ad
614 2839 810 2927 o'pdoppnploo
834 2840 888 2904 vel
912 2838 953 2903 ad
977 2834 1112 2919 σύνταξιν
1135 2856 1280 2920 quaeque

109 2947 249 3029 pessime
285 2952 342 3012 aut
377 2947 462 3012 satis
494 2946 592 3012 dubie
627 2965 861 3028 saepenumero
893 2964 928 3011 se
961 2947 1085 3011 habent
1116 2945 1215 3011 etiam
1245 2945 1280 3010 in

109 3053 232 3135 optimo
257 3073 381 3135 quoque
406 3054 536 3137 codice,
569 3054 599 3119 is
623 3054 702 3136 quin
725 3053 854 3119 nitatur
878 3052 1175 3135 incorruptissimis
1198 3052 1279 3118 titu-

108 3162 213 3227 lorum
237 3161 449 3245 testimoniis
474 3163 571 3244 plane
594 3161 667 3226 fieri
683 3181 749 3226 non
765 3161 964 3243 potest***).
1007 3161 1149 3225 Praeter
1164 3159 1280 3225 titulos

216 3445 242 3511 a,
264 3445 407 3513 „dialecti“
428 3446 496 3514 voci,
515 3446 672 3514 ubicunque
686 3463 744 3500 eam
757 3445 899 3514 usurpavi,
919 3445 1067 3499 secundum
1079 3460 1181 3498 morem
1194 3446 1280 3499 bonae

108 3524 272 3604 graecitatis
291 3540 435 3590 anctorum
453 3535 541 3591 indidi
560 3536 698 3590 notionem
717 3535 806 3590 nostri
826 3535 989 3604 ,‚Sprache“.
1027 3535 1129 3589 Contra
1147 3535 1166 3587 i.
1186 3552 1212 3601 q.
1231 3550 1280 3588 nos

109 3625 224 3679 dicimus
245 3624 390 3691 „Dialekt“
412 3624 554 3678 vertebam
576 3625 726 3692 „dialectus
745 3624 909 3693 peculiaris“
931 3623 990 3678 sim.

198 3731 242 3796 ll)
263 3735 400 3799 quatenus
428 3731 618 3799 unusquisque
646 3731 717 3785 liber
744 3731 801 3784 fuit
829 3728 956 3799 vestigiis
984 3729 1096 3783 dialecti
1123 3727 1279 3797 peculiaris,

108 3837 159 3875 nec
178 3837 248 3889 quae
267 3825 363 3890 aperte
383 3820 466 3874 solius
486 3821 617 3875 sermonis
640 3820 730 3889 plebei
749 3819 908 3887 ceteroquin
927 3818 1039 3887 propria
1058 3823 1145 3886 erant,
1165 3834 1231 3887 prae
1250 3835 1279 3872 se

109 3911 185 3966 tulit.
561 3917 563 3919 ’

181 3999 246 4067 aaa)
267 4000 333 4068 quin
353 4001 436 4055 liceat
455 4017 470 4054 e
488 4000 580 4054 titirlis
601 4000 680 4067 quasi
703 3999 865 4054 medicinam
889 4003 985 4067 petere
1005 3997 1172 4066 Polybiauae
1192 3999 1279 4053 elocu-

109 4089 179 4144 tioni
198 4090 387 4158 adhibendam,
407 4090 547 4144 eominus
566 4090 713 4159 dubitabit,
733 4107 786 4157 quo
806 4090 867 4157 quis
886 4089 975 4158 magis
988 4090 1039 4142 hac
1052 4087 1279 4142 commentatione

109 4196 272 4249 persuasum
291 4180 412 4249 habebit,
438 4179 561 4248 proxime
581 4180 609 4233 in
628 4180 788 4234 universum
808 4179 841 4234 ab
861 4178 1087 4247 inscriptionibus
1107 4178 1210 4233 afuisse
1229 4178 1280 4232 Po·

109 4269 179 4338 lybii
199 4268 353 4323 dictionem.
