2910 4980
707 417 924 486 -16-

231 666 373 680 .....
404 615 490 697 Quid
521 615 608 680 enim
644 617 708 681 sibi
744 618 818 682 vult
853 614 870 678 d
902 616 1001 704 πατὴρ
1036 617 1069 679 τὸ
1101 618 1181 680 θεῖον
1215 616 1406 705 βραβεύσαςῗ

228 721 369 787 Accedit
396 722 480 802 quod
504 723 765 787 luculentissime
796 729 937 805 apparet
969 742 1009 788 ex
1042 744 1115 806 pap.
1147 725 1251 790 Louv.
1284 744 1335 790 no.
1362 722 1406 789 22

228 829 285 912 (cf.
310 829 507 911 praesertim
530 849 562 895 v.
580 826 623 894 20
639 830 734 911 111),
764 831 922 912 gemellas
945 835 1074 896 mortuo
1099 831 1225 896 demum
1249 836 1345 913 patre
1370 832 1405 897 in

228 937 367 1002 tutelam
390 937 573 1001 Ptolemaei
598 937 741 1003 venisse.

334 1042 424 1124 Quae
453 1062 525 1107 oum
548 1043 597 1108 ita
631 1043 710 1126 sint,
745 1043 852 1125 patris
876 1061 989 1109 vocem
1014 1044 1098 1109 falso
1123 1046 1306 1126 suppletam
1330 1063 1404 1109 esse

227 1150 307 1216 mihi
336 1156 485 1234 constat,
517 1150 551 1215 id
581 1150 665 1231 quod
698 1150 774 1214 inde
807 1150 908 1215 etiam
941 1151 1124 1217 verisimile
1156 1151 1210 1235 fit,
1245 1151 1329 1233 quod
1363 1171 1404 1216 ex

226 1259 404 1325 universae
428 1260 615 1324 sententiae
640 1259 771 1324 ratione
795 1260 975 1341 putandum
999 1266 1060 1343 est,
1092 1266 1226 1342 praeter
1248 1260 1405 1335 tradendi

164 1353 166 1358 ’
226 1369 363 1433 verbum
387 1367 491 1432 fuisse
515 1367 549 1431 in
573 1368 691 1432 lacuna
715 1385 894 1448 pronomen
917 1369 1011 1452 ἡμᾶς.
1060 1368 1269 1449 Quapropter
1288 1367 1404 1448 utique

227 1474 470 1539 concedendum
503 1479 555 1539 est
591 1469 734 1539 subiecti
769 1493 903 1539 munere
936 1474 1084 1540 functam
1117 1494 1189 1540 1111
1221 1494 1334 1541 vocem
1369 1475 1404 1537 τὸ

226 1582 322 1664 delum
345 1601 450 1664 neque
463 1583 527 1648 alio
541 1582 607 1647 nisi
620 1583 683 1647 huc
695 1582 816 1647 referri
830 1589 940 1664 potest
956 1583 1404 1670 ρ111111ρ11111βραβεὺσας*).

226 1690 394 1754 Lacunam
410 1694 520 1755 autem
537 1690 731 1771 explendam
748 1709 820 1755 esse
837 1709 955 1756 censeo
972 1691 1110 1758 vocibus
1127 1691 1223 1777 [ἡμᾶς
1240 1693 1403 1775 ἀπέδωκεν]

226 1799 280 1863 vel
304 1798 370 1863 alio
394 1797 532 1879 quodam
555 1797 710 1862 tradendi
734 1800 847 1864 verbo.

333 1907 481 1972 Transeo
505 1906 547 1971 ad
571 1906 671 1970 alium
694 1906 811 1988 locum,
836 1906 891 1986 qui
916 1911 983 1971 est:

333 2014 410 2080 Col.
435 2012 466 2096 2,
481 2049 503 2087 g.
550 2013 631 2094 Hic,
665 2032 737 2077 cum
772 2013 919 2095 proxime
953 2013 1189 2079 antecessisset
1219 2014 1404 2081 Ptolemaei

228 2120 364 2203 menti0,
389 2121 546 2202 leguntur
569 2121 690 2185 verba:
715 2123 930 2191 συνεστακότος
953 2116 1049 2204 δ’ἡμῖν
1073 2142 1135 2182 τινα
1157 2121 1404 2208 ...Δημήτριον
1441 2168 1445 2177 ,

227 2278 234 2291 .
269 2277 276 2291 .
311 2277 318 2291 .
352 2225 473 2314 Κρῆτα,
514 2229 806 2313 πραγματευσάμενον
839 2275 845 2288 .
879 2275 886 2288 .
916 2227 962 2288 καὶ
1000 2227 1205 2299 ἐπιτελέσοντα
1237 2277 1243 2288 .
1277 2277 1283 2288 .
1319 2275 1326 2289 .
1360 2229 1404 2293 ad

227 2352 308 2413 quae
340 2333 556 2397 Leemansius
594 2332 731 2397 adnotat
761 2354 792 2414 p.
827 2331 887 2397 io:
930 2333 986 2414 „Si
1018 2333 1157 2414 primum
1190 2337 1327 2398 verbum
1360 2335 1403 2398 ad

225 2440 450 2505 Ptolemaeum
462 2444 514 2504 est
526 2438 745 2521 referendum,
768 2438 942 2522 legendum
955 2439 1022 2504 erit
1041 2443 1200 2522 συνέστησὲ
1213 2435 1309 2525 δ’ἡμῖν
1323 2446 1403 2523 111.;

226 2546 278 2610 sin
310 2564 389 2611 vero
422 2546 464 2610 ad
498 2546 604 2627 ipsum
635 2546 850 2627 Demetrium,
883 2564 965 2625 quae
997 2552 1178 2627 sequuntur
1209 2565 1333 2627 quoque
1366 2547 1403 2611 in

225 2652 382 2735 genetivo
406 2650 590 2716 efferenda:
616 2654 868 2733 συνεστακότοςὴῐ)
893 2648 989 2736 δ’ἡμῖν
1013 2674 1150 2724 τινος-
1173 2652 1341 2739 Δημητρίου
1360 2691 1401 2698 -

226 2757 350 2846 Κρὴτος
375 2797 415 2805 —-
440 2762 733 2846 πραηματευσομένου
759 2797 799 2804 -
825 2759 1078 2831 ἐπιτελέσοντος.“
1178 2770 1180 2774 ‘

333 2868 424 2950 Quae
441 2867 470 2931 si
487 2867 559 2947 quis
576 2867 709 2950 legerit,
734 2867 764 2931 ei
782 2866 925 2932 fortasse
942 2867 977 2931 iu
1000 2872 1143 2931 mentem
1166 2867 1280 2932 veniet
1304 2871 1402 2933 vetus

225 2974 307 3039 illud
324 2974 359 3039 Si
376 2974 555 3039 tacuisses!
579 2974 692 3053 Neque
709 2973 742 3037 id
759 2973 893 3038 iniuria.
940 2974 1023 3038 Nam
1047 2973 1152 3038 forma
1174 2974 1233 3038 illa
1257 2973 1402 3054 perfecti

225 3082 410 3164 posteriore
443 3085 555 3146 aetate
588 3081 666 3144 ficta
703 3080 880 3145 secundum
910 3081 1082 3163 vulgarem
1118 3079 1272 3160 loquendi
1307 3099 1401 3144 usum

226 3209 296 3255 eam
320 3191 422 3253 habet
444 3188 522 3270 vim,
547 3193 584 3252 ut
601 3206 729 3269 semper
746 3188 886 3252 addatur
903 3187 1105 3253 accusativis
1122 3188 1212 3271 (Jem.
1230 3187 1402 3252 eiusetzen

226 3296 268 3361 of.
293 3296 452 3377 hui-disp.
477 3316 508 3376 p.
535 3295 590 3376 —)
615 3295 671 3359 Nil
695 3295 801 3377 igitur
824 3295 1014 3360 mutandum
1038 3300 1099 3359 est.
1146 3295 1299 3359 Ceterum
1316 3295 1402 3375 quod

225 3403 350 3468 attinet
374 3403 416 3467 ad
439 3420 617 3483 pronomen
642 3401 730 3463 αὐτοῦ
755 3401 909 3466 omissum
933 3406 1009 3482 post
1032 3401 1245 3482 participium
1262 3412 1401 3463 συνεστα-

224 3516 324 3588 κότος,
350 3511 502 3576 conferas
526 3511 660 3593 Polybii
683 3531 776 3576 usum
800 3511 934 3594 (Kaelk.
959 3508 1050 3591 282).

330 3618 537 3685 Gravissimo
562 3617 646 3683 vitio
671 3618 927 3700 1111111111111,
952 3637 981 3697 q.
1006 3635 1033 3681 e.

331 3832 358 3898 11
378 3832 521 3886 masculini
541 3833 628 3885 forma
648 3833 697 3885 hoc
717 3833 774 3885 loco
798 3832 838 3885 nil
862 3832 945 3885 habet
965 3831 1041 3898 miri,
1067 3830 1131 3897 quia
1150 3824 1178 3882 τὸ
1198 3827 1266 3880 θεῖον
1285 3846 1400 3898 prorsus

225 3922 296 3976 idem
322 3923 398 3976 valet
417 3922 446 3974 in
465 3923 515 3975 hoc
534 3937 638 3989 papyro
658 3938 689 3974 ac
708 3917 721 3971 ὁ
742 3916 804 3979 θεός
828 3921 958 3989 (Serapis)
984 3921 1065 3986 (quod
1090 3924 1182 3973 exstat
1202 3921 1242 3973 ool
1262 3920 1314 3987 2,4
1338 3936 1400 3973 con-

223 4020 268 4082 111
289 4029 314 4065 ν.
334 4012 351 4065 8
370 4028 467 4065 111111
486 4012 569 4065 habes
588 4006 717 4077 1111111νὴ
736 4010 913 4077 hominesque
931 4010 1049 4062 Graecos
1068 4010 1208 4062 adamasse
1226 4007 1399 4062 notissimum

225 4107 267 4155 est
287 4100 505 4155 constructiones
523 4096 584 4151 κατὰ
603 4097 698 4151 σύνεσιν
717 4101 751 4153 cf.
771 4101 887 4153 Ktlhner
906 4117 948 4168 gr.
962 4100 1009 4153 Gr.
1029 4101 1067 4166 11,
1086 4116 1112 4167 p.
1131 4099 1175 4166 48,
1194 4099 1219 4166 3,
1239 4115 1275 4164 a.;
1296 4099 1328 4151 de
1348 4099 1400 4152 Po-

223 4192 299 4259 lybio
318 4192 353 4245 ci.
372 4191 470 4243 Kaelk.
490 4207 515 4257 p.
536 4189 596 4257 261,
617 4189 664 4256 qui
683 4190 807 4256 exempla
827 4187 908 4242 affert
928 4188 951 4241 si
964 4205 1017 4242 non
1030 4188 1112 4256 plane
1125 4187 1243 4256 gemina,
1263 4191 1292 4240 at
1306 4190 1400 4241 tamen

120 4329 123 4342 ,
225 4297 279 4334 non
299 4281 416 4334 multum
436 4279 554 4332 diversa.
