2910 4980
608 437 826 506 „32-

131 639 240 704 Verbo
266 639 505 714 ἀποκαθιστάναι,
530 638 649 720 quippe
674 638 726 703 cui
751 637 946 720 principalis
971 637 1077 702 subsit
1102 635 1309 720 significatio

180 746 399 828 ,restituendi
432 747 467 810 in
500 746 677 828 pristinum
701 747 857 827 statum“,
890 745 1093 810 vetustiores
1123 744 1309 825 scriptores

177 854 226 918 nil
249 853 448 919 addiderunt
471 852 537 918 nisi
561 853 797 934 accusativum,
822 853 914 917 velut
931 849 1003 923 τοὺς
1019 853 1164 934 πολίτας,
1190 855 1309 916 contra

178 960 264 1042 apud
279 959 454 1042 Polybium
479 959 579 1024 etiam
602 959 736 1024 dativus
759 959 790 1023 ei
814 959 1017 1042 adiungitur,
1041 964 1079 1023 ut
1095 958 1207 1023 multis
1224 958 1310 1023 locis

178 1068 265 1132 idem
295 1068 407 1140 valeat
438 1067 523 1147 quod
547 1068 700 1129 ἀποδοῦναι
723 1065 876 1151 (reddere
900 1065 1000 1131 alicui
1024 1063 1180 1150 aliquid),
1214 1065 1311 1130 velut

180 1183 257 1236 σῖτον
281 1175 361 1258 αὐτῷ
381 1173 461 1259 (Vll
487 1173 516 1257 5,
538 1173 564 1258 7)
589 1175 631 1238 al.
678 1173 777 1238 Cuius
805 1191 883 1237 usus
913 1174 1015 1238 habes
1039 1174 1100 1238 hoc
1125 1171 1311 1254 exemplum

179 1281 279 1346 etiam
295 1281 330 1345 iu
347 1281 446 1346 titulo
463 1281 593 1347 sindon.
608 1278 667 1345 57:
692 1281 937 1342 duoaudrotdcdco
955 1281 998 1364 τῷ
1015 1283 1104 1364 ταμίᾳ
1120 1281 1158 1342 τὰ
1172 1281 1310 1366 διάφορα.

136 1388 221 1472 Quid
245 1388 309 1453 sibi
333 1389 418 1454 velit
441 1397 506 1460 τοῖς
531 1389 826 1459 §urna-uastandam
851 1384 945 1473 (12),
969 1408 1034 1453 non
1058 1393 1152 1470 potes
1176 1387 1311 1451 intelle-

180 1515 278 1578 gere,
313 1496 341 1559 si
372 1495 476 1562 solum
507 1500 638 1578 spectas
670 1495 711 1561 ad
735 1514 828 1559 usum
851 1495 1073 1575 antiquiorum
1096 1494 1311 1592 scriptorum,

180 1604 272 1668 velut
295 1603 456 1686 Platonis,
482 1602 694 1684 Aristotelis3
718 1601 759 1667 ad
783 1602 916 1683 Polybii
940 1602 1043 1667 libros
1067 1601 1224 1667 accedas:
1259 1601 1312 1665 in·

181 1710 295 1775 venies
321 1709 583 1792 ,substituendi,
608 1708 815 1774 sufficiendi“
840 1709 908 1774 vim
931 1709 1101 1790 accepisse
1125 1710 1187 1774 hoc
1211 1727 1313 1774 voca·

181 1818 307 1882 bulum:
328 1817 382 1882 ΙΠ
401 1813 475 1900 106,
491 1840 518 1890 2:
537 1818 550 1879 ὁ
568 1818 643 1898 μετὰ
658 1817 712 1900 τὴν
729 1815 888 1898 Φλαμινίου
905 1817 1048 1901 τελευτὴν
1065 1817 1314 1888 ἐπικατασταθεὶς

182 1923 294 1996 ditato&
327 1923 369 1988 Of.
401 1924 468 2007 IX,
503 1922 538 2006 4,
558 1959 587 2006 5,
619 1924 635 1987 I
667 1922 727 2006 24,
748 1959 778 2006 9,
808 1922 850 1987 Cf.
882 1920 1140 2005 Β166.233,85.
1192 1922 1313 2002 Itaque

182 2029 368 2095 rectissime
380 2029 622 2111 interpretatus
636 2036 687 2094 est
701 2029 869 2111 Sauppeus
881 2030 968 2092 licum
981 2028 1073 2093 tituli
1086 2028 1315 2103 Andaniensis

182 2137 288 2202 locum
315 2137 390 2219 ,qui
414 2137 603 2218 insequenti
627 2156 712 2202 anuo
738 2142 828 2202 sorte
853 2136 1147 2201 constitueretur.“

24 2281 27 2285 <
139 2244 306 2320 συντέλεια,
340 2243 428 2308 sicut
451 2244 618 2328 συντελής,
652 2243 826 2308 dicebatur
853 2243 888 2307 in
920 2245 1019 2307 rebus
1054 2243 1097 2308 ad
1129 2241 1315 2324 vectigalia

184 2350 341 2416 solvenda
376 2349 604 2431 spectantibus
640 2348 921 2435 (gemeinschaftl.
957 2349 1149 2431 Beisteuer,
1185 2354 1315 2413 steuer-

184 2457 357 2540 pfiichtige
374 2456 690 2541 Genossenschaft);
706 2476 802 2536 quam
818 2456 1096 2539 significationem
1111 2457 1146 2520 in
1163 2474 1316 2520 sermone

186 2564 346 2630 communi
379 2569 538 2629 mutatam
570 2582 644 2628 esse
676 2564 717 2629 ad
750 2563 1001 2628 similitudinem
1033 2562 1179 2629 notionis
1210 2565 1316 2628 verbo

186 2672 334 2734 συντελεῖν
351 2670 518 2736 subiectae
536 2669 635 2756 (ganz
651 2669 876 2756 vollbringen)
903 2691 944 2736 ex
959 2671 1102 2754 Polybii,
1128 2670 1316 2754 Strabonis

187 2777 285 2842 Dion.
310 2778 385 2842 Hal.
409 2777 506 2842 libris
531 2796 720 2859 cognosces.
768 2777 865 2858 Apud
888 2778 1063 2859 Polybium
1092 2777 1178 2842 enim
1203 2782 1317 2842 exstat

187 2889 203 2952 I
237 2883 303 2967 4,1
335 2885 354 2968 ἡ
386 2890 445 2945 τῶν
479 2885 557 2945 ὅλων
591 2862 768 2970 πραγμάτων
799 2862 949 2947 curtilem
981 2884 1023 2949 cf.
1053 2885 1089 2948 Π
1121 2882 1227 2966 37,10
1255 2884 1316 2966 al.;

187 2991 264 3056 inde
280 2989 378 3055 fluxit
393 2992 456 3056 lioc
473 2991 566 3056 tituli
582 2990 807 3055 Andaniensis
831 2989 887 3077 (60
905 2997 938 3056 et
955 2988 1052 3076 184);
1078 2993 1096 3053 ἁ
1119 2997 1178 3052 τῶν
1203 3012 1315 3074 μυστη-

188 3101 257 3186 ρίων
281 3098 341 3183 (καὶ
363 3096 479 3183 6υσιᾱν)
505 3099 665 3163 συντέλεια.

143 3207 308 3293 διαῑραμμα
331 3206 525 3270 vocabulum
554 3205 619 3269 iam
648 3225 733 3270 auno
767 3204 837 3270 fere
867 3205 1101 3271 trecentesimo
1130 3225 1149 3269 a
1178 3206 1255 3269 (lhr.
1284 3225 1316 3269 n.

189 3313 237 3377 ita
261 3331 333 3376 esse
349 3317 552 3394 usurpatum,
576 3317 614 3376 ut
637 3317 726 3376 esset
754 3312 933 3392 ,edictum“
961 3317 1100 3394 apparet
1116 3331 1157 3376 ex
1174 3311 1317 3392 epistula

188 3420 351 3503 Antigoni
372 3419 388 3482 Ι
413 3419 499 3485 Ditt.
525 3417 598 3502 126,
614 3455 649 3493 ac·
696 3420 801 3484 Porro
826 3425 877 3484 est
906 3420 941 3484 in
964 3420 1018 3485 tit.
1043 3421 1131 3485 Cret.
1156 3419 1190 3484 C.
1217 3420 1250 3484 J.
1277 3419 1317 3484 G.

190 3525 287 3610 2556,
306 3563 351 3609 cr,
382 3527 431 3591 Le
459 3529 524 3592 Bas
553 3532 589 3596 Π
621 3518 712 3591 303³
735 3526 929 3612 (Thuriae),
963 3528 997 3592 d.
1027 3528 1060 3591 J.
1089 3528 1128 3592 G.
1159 3523 1261 3610 2671,
1281 3562 1317 3609 45,

190 3633 275 3715 apud
295 3634 470 3716 Polybium
487 3614 590 3697 XXII
616 3631 667 3717 13,
684 3670 706 3717 6,
730 3653 790 3698 nec
812 3634 905 3698 deest
926 3634 960 3698 iu
978 3635 1032 3699 tit.
1049 3633 1134 3699 And.
1153 3630 1231 3718 (113
1249 3631 1318 3718 αλ).

146 3746 217 3809 lam
241 3759 341 3821 supra
365 3740 435 3804 dixi
460 3740 499 3804 de
524 3743 625 3806 verbo
649 3741 824 3827 λειτουρῑεῖν
856 3739 923 3826 (48,
949 3738 1089 3825 7651),
1122 3741 1162 3804 de
1181 3741 1319 3806 vocibus

190 3849 459 3931 ῧυῃιατοπυιεῖσθαι
482 3845 572 3933 (57),
604 3871 621 3910 κ
641 3851 691 3930 (μα
714 3846 918 3933 (102,106),
943 3851 1036 3910 πίπτει
1060 3848 1120 3933 (sc.
1144 3849 1181 3909 τά
1197 3849 1320 3935 διάφορα

190 3956 244 4018 ἀπὸ
262 3984 303 4009 =
325 3955 413 4019 redit
435 3956 575 4037 pecunia
600 3975 640 4020 ex
665 3975 696 4021 v.
721 3955 774 4038 45,
800 3954 842 4020 49
865 3955 923 4040 al.)
949 3952 1055 4043 ρητιῖιτ,
1079 3954 1135 4041 (56
1162 3956 1320 4036 ,disertis

167 4080 229 4127 'ac
253 4063 361 4144 planis
385 4061 533 4146 verbis‘)
557 4062 645 4127 infra
669 4062 808 4127 dicetur.

255 4168 318 4233 Sed
342 4171 424 4234 haec
447 4171 625 4234 hacteuus!
661 4169 750 4233 Satis
774 4169 861 4234 euim
885 4170 949 4234 iam
973 4171 1231 4236 demonstratum
1249 4189 1321 4235 esse

148 4261 261 4359 spero,
301 4267 461 4357 quatenus
495 4282 646 4358 spectare
680 4276 858 4341 videantur
893 4277 934 4341 ad
972 4279 1057 4342 hanc
1096 4276 1322 4356 quiaestionem
