2910 4980
679 407 880 516 76-

196 625 396 673 communem
433 626 526 672 usum
561 605 816 688 magistratuum
825 604 866 686 *).
929 606 1033 671 Multo
1074 605 1222 671 cautiore
1261 603 1373 668 utitur

196 713 319 779 iudicio
339 713 639 777 Krummbacherus
663 712 685 776 l.
709 712 742 795 1.,
767 711 851 792 quod
868 730 963 792 quarn
979 711 1102 777 iustum
1118 714 1224 778 locum
1247 714 1372 777 habeat

197 821 231 887 in
255 840 291 886 re
315 826 382 886 tam
406 819 536 885 difficili
560 823 659 900 atque
683 821 822 884 obscura
846 819 904 884 uix
928 824 1040 900 potest
1064 820 1147 884 satis
1171 819 1247 884 dici.

304 929 421 1009 Itaque
458 932 496 991 61
531 945 591 1010 ego
630 944 755 1007 quoque
794 926 979 991 abstineam
1017 926 1120 992 nimia
1159 927 1371 992 coniectandi

197 1035 345 1118 libidine,
370 1033 453 1098 satis
477 1034 582 1098 habeo
607 1033 763 1098 hocloco
787 1032 938 1097 breviter
960 1052 1104 1116 monere,
1141 1038 1175 1098 et
1198 1053 1280 1113 quae
1304 1034 1372 1099 iarn

197 1161 256 1225 pro
280 1144 371 1205 certo
397 1139 564 1204 affirmare
588 1132 684 1220 posse
708 1137 789 1203 mihi
814 1137 930 1204 videar
954 1143 988 1203 61
1012 1158 1104 1222 quae,
1129 1159 1201 1204 curn
1218 1139 1253 1204 in
1269 1140 1370 1207 dubio

197 1269 247 1314 me
262 1247 370 1313 iudice
388 1246 494 1313 adhuc
510 1249 697 1328 uersentur,
721 1244 917 1327 diligentius
935 1246 1065 1311 credam
1082 1263 1154 1310 esse
1171 1246 1371 1330 indaganda.

305 1357 345 1422 In
373 1354 563 1420 universum
578 1353 786 1418 Bernhardio
815 1352 914 1418 facile
939 1353 1372 1436 concedo,·quandocunque

198 1482 290 1529 suum
313 1461 448 1543 quisque
472 1460 536 1525 sibi
567 1464 664 1541 paret
694 1459 861 1524 scribendi
892 1478 996 1544 genus
1029 1448 1190 1525 imitanda
1221 1466 1371 1527 veterum

198 1567 400 1652 elocutione,
432 1572 501 1632 turn
531 1566 740 1631 intercedere
771 1566 861 1631 inter
891 1585 1002 1632 omnes
1030 1584 1185 1631 summam
1209 1567 1372 1633 orationis
1411 1585 1412 1589 ’

198 1675 503 1757 dissimilitudinem
540 1691 674 1754 eamque
713 1673 853 1738 maxime
890 1677 1104 1754 apparentem
1139 1673 1174 1737 in
1209 1674 1372 1757 eligendis

198 1783 311 1849 verbis
343 1802 381 1848 ac
416 1780 657 1848 construendis.
704 1781 754 1845 Ac
785 1799 867 1861 quae
898 1779 1058 1845 disseruit
1088 1799 1119 1846 v.
1144 1781 1174 1846 d.
1206 1781 1246 1845 de
1269 1787 1372 1844 κοινῶν

199 1909 368 1974 sermone,
400 1891 483 1955 haec
513 1889 542 1953 si
574 1888 646 1969 quis
680 1888 771 1953 diota
802 1906 874 1952 esse
898 1887 983 1953 uelit
1013 1887 1093 1952 solis
1117 1888 1157 1952 de
1181 1889 1371 1954 Atticorum

198 1997 434 2080 imitatoribus,
465 1996 520 2076 qui
544 1995 729 2077 posteriore
762 1999 874 2060 aetate
907 1994 1109 2078 floruerunt,
1141 1996 1290 2076 equidem
1322 1997 1371 2061 166

199 2125 264 2170 666
307 2123 474 2187 repugno,
516 2106 554 2166 ut
598 2101 727 2167 omnino
761 2101 858 2185 κοινὴν
888 2102 1049 2181 quandam
1079 2101 1257 2168 dialectum
1292 2108 1371 2168 tunc

199 2211 328 2292 quidem
351 2209 570 2291 scriptoribus
587 2206 825 2273 eruditioribus
842 2207 876 2272 in
892 2225 953 2272 usu
977 2206 1080 2273 fuisse
1104 2209 1246 2274 fortasse
1270 2229 1371 2293 nega-

199 2318 324 2400 verim3
356 2317 407 2382 sin
439 2320 548 2381 autern
578 2316 618 2379 de
641 2315 782 2396 Polybio
807 2315 935 2397 eisque,
970 2315 1024 2395 qui
1055 2319 1135 2380 tunc
1164 2316 1372 2397 scripserunt

202 2425 315 2491 eadem
331 2425 445 2490 valere
462 2424 642 2488 contendat
650 2422 711 2505 **),
736 2423 817 2488 haec
833 2423 950 2506 habeb,
975 2442 1057 2503 quae
1074 2429 1190 2488 contra
1206 2443 1371 2489 moneam:

199 2532 230 2597 Α
254 2531 358 2613 primo
387 2531 515 2611 quidem
546 2529 752 2594 notissimum
776 2533 844 2611 est,
875 2547 946 2593 eam
974 2529 1137 2594 rationem
1161 2532 1370 2596 consuetudi-

200 2657 354 2721 nemque,
396 2656 458 2718 qua
490 2637 673 2702 Atticistae
709 2635 760 2701 illi
798 2635 950 2717 perducti
983 2640 1060 2700 sunt
1090 2637 1131 2701 ad
1164 2637 1371 2721 imitandum,

200 2744 344 2810 studium
372 2742 444 2809 dico
468 2743 604 2808 Atticae
635 2740 840 2826 elegantiae,
872 2742 1014 2807 nondum
1042 2744 1214 2808 exstitisse
1237 2745 1371 2826 Polybii

200 2855 322 2916 aetate.
358 2852 559 2916 Putemusne
583 2869 661 2933 ergo
686 2869 758 2915 curn
781 2849 1004 2933 Bernhardio,
1029 2856 1166 2933 propter
1188 2857 1372 2934 egestatem

200 2959 334 3042 linguae
358 2977 431 3042 eos,
465 2959 519 3039 qui
543 2968 622 3024 tunc
647 2959 872 3041 scripserunt,
906 2957 1108 3023 necessitate
1139 2960 1276 3039 quadam
1299 2978 1372 3024 esse

201 3071 342 3150 6666666,
364 3071 401 3132 61
416 3068 519 3131 multa
535 3066 678 3132 lectione
695 3067 868 3148 explerent
883 3065 1023 3131 maxime
1037 3065 1163 3146 copiam
1175 3068 1372 3131 uerborum?

201 3174 307 3238 Estne
330 3174 521 3257 verisimile,
546 3174 670 3239 nullum
693 3172 796 3238 fuisse
821 3191 1021 3238 communem
1037 3173 1072 3238 in
1088 3172 1262 3238 scribendo
1279 3192 1373 3238 usum

201 3281 369 3362 proprium
385 3281 476 3346 illius
492 3281 591 3346 aevi?
630 3281 728 3345 Certe
744 3280 828 3344 haec
843 3278 938 3344 nobis
955 3283 1184 3362 probarentur,
1210 3280 1238 3344 si
1255 3298 1373 3361 reapse

202 3385 237 3452 in
261 3387 319 3470 eis,
344 3406 426 3467 quae
449 3386 491 3452 ad
514 3406 574 3452 nos
598 3391 824 3468 pervenerunt
846 3385 1035 3451 litterarum
1051 3386 1270 3451 monumentis
1287 3405 1373 3452 6666.

110 3555 113 3560 .
202 3493 257 3557 ΙΙΙ
280 3493 356 3557 ΠΙ
387 3498 560 3559 exstarent
589 3494 730 3559 maxime
758 3494 848 3558 inter
872 3512 907 3557 se
931 3492 1064 3559 diversa
1088 3494 1291 3577 singulorum
1315 3496 1373 3560 ho·

204 3601 327 3666 minum
351 3601 484 3667 dicendi
505 3620 638 3684 genera.
679 3601 742 3666 Sed
767 3600 867 3666 aliter
890 3619 944 3664 res
967 3619 1002 3664 se
1026 3601 1136 3666 habet.
1176 3601 1247 3666 Hoc
1263 3601 1374 3681 aliqua

202 3727 243 3773 ex
267 3713 372 3791 66616,
396 3714 434 3773 66
457 3727 556 3790 66666
579 3708 771 3791 monuimus,
795 3707 861 3773 iam
884 3708 1054 3789 probabile
1071 3714 1123 3773 est
1144 3727 1184 3773 ex
1208 3708 1266 3792 eis,
1291 3729 1374 3789 quae

202 3817 389 3882 attulerunt
413 3834 484 3881 cum
505 3817 565 3881 alii
584 3822 653 3881 turn
669 3816 905 3898 Ierusalemus3
930 3820 964 3880 et
979 3815 1084 3899 magis
1101 3817 1230 3880 elucere
1247 3817 1373 3882 confido

308 4012 388 4078 1161.
412 4013 594 4080 Kacllrerum,
619 4013 686 4080 Lpz.
711 4012 788 4066 Stud.
813 4012 858 4064 III
882 4011 906 4064 2.
931 4028 957 4079 p.
982 4011 1046 4064 299:
1083 4011 1159 4077 „dori
1191 4027 1244 4065 non
1273 4012 1374 4079 potuit,

203 4102 269 4169 quin
289 4117 377 4156 sermo
396 4101 443 4156 1116
463 4102 641 4156 descenderet
660 4116 675 4154 6
695 4099 779 4154 666116
797 4100 826 4154 16
846 4117 925 4154 usum
945 4101 1116 4155 eruditorum
1136 4105 1164 4154 61
1183 4101 1373 4169 scriptorum.“

291 4190 335 4256 aa)
355 4191 383 4244 id
403 4191 474 4258 quod
494 4190 577 4244 etiam
592 4189 714 4244 Stichius
727 4188 803 4256 fecit,
822 4193 854 4242 ut
867 4190 917 4242 hoo
930 4194 1040 4243 tantum
1054 4189 1175 4257 afferam,
1194 4191 1266 4243 Α616
1279 4189 1374 4244 semin.

201 4280 316 4348 Erlang.
337 4280 373 4332 H.
393 4296 419 4347 p.
439 4278 499 4332 143.
