2910 4980
573 403 793 471 „83-

101 601 241 668 toritate
266 607 300 666 et
322 601 436 666 multis
460 599 618 682 exemplis
635 620 654 664 a
671 617 706 665 se
723 599 853 664 allatis:
878 599 913 665 in
929 599 1120 665 universum
1144 599 1274 680 quidem

101 709 224 774 formas
255 708 331 773 illas
366 707 567 789 paenultima
602 705 698 771 brevi
732 705 916 772 instructas
950 709 1036 772 bona
1071 711 1183 772 aetate
1217 708 1274 772 ab·

101 815 253 882 horuisse
281 835 300 880 a
329 833 478 880 sermone
508 813 652 880 fortasse
684 813 827 878 omnium
859 814 1078 897 Graecorum,
1111 818 1202 878 certe
1232 815 1273 878 ab

100 921 300 988 Atticorum.
348 921 438 1003 Quae
458 919 627 986 sententia
638 925 774 1001 recepta
791 926 843 985 est
859 941 878 986 a
894 911 1070 1004 plerisque,
1087 920 1142 1000 qui
1158 925 1274 1002 postea

101 1029 259 1094 iudicium
275 1028 428 1094 fecerunt
444 1028 485 1093 de
501 1029 564 1093 hac
582 1046 635 1091 re:
660 1027 783 1092 Cobeto
801 1028 822 1092 1.
840 1046 878 1111 cs,
903 1027 1084 1093 nuum-Bi.
1101 1032 1118 1096 I
1142 1048 1173 1109 p.
1199 1023 1275 1109 308,

101 1138 141 1202 G.
166 1138 301 1218 Meyero
326 1138 343 1218 ᾗ
368 1134 421 1218 34,
436 1168 459 1218 4,
487 1133 642 1199 Ruthcrf.
667 1135 747 1200 Phr.
772 1132 848 1218 319,
872 1135 914 1199 al.
962 1135 1056 1200 Solus
1092 1133 1275 1199 Osthoffius

101 1244 123 1309 l.
160 1263 187 1308 c.
224 1239 426 1309 contrariam
461 1247 593 1306 secutus
632 1241 820 1322 opinionem
844 1241 1001 1325 credidit,
1034 1239 1275 1321 antiquissimis

101 1351 166 1416 iam
190 1350 393 1432 temporibus
417 1349 540 1430 stirpes
564 1349 720 1414 cadentes
741 1347 776 1413 in
792 1350 940 1414 vocalem
955 1352 1090 1414 brevem
1106 1347 1275 1413 adhibitas

102 1477 175 1523 esse
199 1458 241 1522 ad
264 1456 418 1540 fingenda
441 1455 574 1521 nomina
598 1455 633 1520 in
658 1477 723 1537 -μα,
770 1456 839 1520 Nec
855 1474 934 1521 vero
953 1455 1111 1537 exemplis
1128 1474 1274 1536 compro·

100 1565 209 1630 banda
227 1563 384 1646 suscepit,
403 1560 490 1644 'quae
507 1561 663 1645 coniecit3
687 1567 785 1642 atque
809 1562 905 1645 adeo,
928 1562 1013 1642 quod
1035 1581 1134 1627 unum
1158 1561 1276 1627 attulit

102 1671 270 1751 antiquius
287 1670 470 1751 exemplum
486 1670 600 1752 ἄνθεμα
616 1669 739 1754 (hymn.
756 1670 851 1735 Hom.
868 1670 903 1735 in
919 1669 1001 1734 Ven.
1018 1668 1066 1733 VI
1080 1667 1112 1754 9)
1130 1687 1276 1735 errorem

101 1778 308 1843 demonstrat
331 1776 399 1843 viri
422 1777 618 1842 doctissimi.
661 1776 800 1843 Etenim
831 1780 871 1842 ab
895 1777 989 1849 ἄνθος
1012 1777 1193 1858 repetenda
1224 1780 1276 1840 661

101 1885 200 1949 huius
213 1884 338 1950 formae
352 1885 445 1966 origo
459 1882 601 1968 (ἄνθεμον
615 1914 655 1938 =
669 1883 730 1949 flos
747 1883 789 1949 cf.
806 1885 1025 1967 Baumeister‚
1042 1884 1137 1950 Hom.
1154 1883 1275 1965 Hymn.

101 2013 131 2074 p.
158 1990 246 2076 337),
270 2012 336 2058 non
360 1995 400 2057 ab
425 1992 573 2075 ἀνάθημα.

210 2137 250 2145 -
264 2098 430 2163 Videntur
441 2098 546 2181 igitur
558 2098 634 2163 inde
650 2118 669 2163 a
686 2116 772 2163 saec.
789 2095 860 2163 fere
875 2099 930 2162 ΠΙ
947 2098 982 2163 in
999 2098 1159 2164 communi
1172 2098 1276 2164 Grae·

102 2225 214 2271 corum
238 2224 396 2271 sermone
411 2206 505 2271 iuxta
529 2210 661 2270 veteres
686 2204 789 2270 fuisse
812 2224 918 2270 novae
934 2205 1020 2270 istae
1037 2204 1172 2288 formae,
1197 2224 1277 2285 quas

101 2313 271 2397 Polybius,
296 2313 332 2377 ni
356 2312 463 2396 fallor,
488 2332 554 2378 nou
578 2312 713 2377 admisit
736 2312 803 2377 nisi
822 2312 857 2377 in
880 2312 1067 2378 nominibus
1090 2313 1178 2377 fictis
1202 2318 1278 2394 post

102 2439 222 2484 annum
246 2439 273 2484 c.
299 2416 364 2484 300
388 2420 523 2504 (ἔκθεμα,
547 2419 630 2502 depo,
654 2419 753 2502 κλίμα,
777 2418 932 2506 πρόδαμα).

211 2525 358 2608 Quanam
374 2531 484 2591 autem
499 2525 535 2590 in
552 2527 689 2609 regione
706 2532 823 2608 coepta
848 2527 917 2591 sint
939 2528 1093 2608 usurpari
1116 2530 1277 2594 vocabula

103 2634 246 2715 ἀνάθεμα,
270 2633 352 2719 δέμα,
377 2637 458 2716 eto,
487 2618 550 2698 hio
566 2633 725 2699 videlicet
748 2634 806 2699 vix
830 2635 955 2716 poterit
979 2635 1059 2703 erui.
1108 2635 1206 2700 Certe
1229 2635 1279 2700 nil

102 2740 315 2805 tribuendum
331 2739 397 2805 erit
413 2739 590 2804 Buresohii
607 2740 740 2824 (Philol.
758 2738 906 2805 L11892
923 2762 952 2823 p.
972 2739 1027 2826 91)
1043 2741 1135 2806 hisce
1147 2743 1277 2807 verbis:

105 2847 212 2929 „ilina
251 2846 521 2929 hervorragende
558 2848 782 2930 Eigenschaft
819 2849 1000 2914 besouders
1046 2850 1104 2913 der
1143 2854 1276 2932 aegypt.

102 2954 261 3021 Mundart
277 2974 348 3019 war
364 2954 417 3018 die
434 2954 669 3038 Vermeugung
694 2974 759 3021 uon
783 2977 801 3039 η
826 2974 857 3024 u.
882 2978 896 3017 ε
921 3011 928 3025 ,
954 3011 961 3025 ,
988 3007 995 3020 .
1022 3011 1030 3026 .
1053 2956 1199 3021 Hierher
1222 2976 1278 3040 ge-

103 3061 181 3125 htrt
212 3062 296 3125 auch
331 3061 385 3125 die
409 3079 524 3144 grosse
548 3063 657 3126 Masso
681 3062 740 3126 der
763 3062 817 3127 bei
841 3062 904 3127 den
928 3059 980 3146 70,
1005 3062 1069 3128 wie
1092 3065 1279 3146 iiberhaupt

102 3167 245 3232 beiden
274 3167 499 3251 Helleuisten,
537 3168 713 3251 ungcmein
747 3169 915 3234 beliebten
947 3224 954 3238 .
987 3225 993 3238 .
1029 3225 1035 3238 .
1065 3170 1192 3236 Neutra
1223 3170 1284 3236 auf

103 3296 191 3357 -ημα,
242 3275 368 3339 welche
396 3277 475 3340 aber
508 3275 866 3340 alexandrinisch
912 3276 1003 3360 (und
1045 3276 1278 3343 weiterhin

103 3382 344 3462 iiberhaupt
379 3381 701 3466 ,hellenistisom
734 3383 769 3447 in
800 3382 1044 3451 Wirkliohkeit
1078 3383 1176 3448 meist
1209 3407 1280 3467 -εμα

104 3489 250 3557 lauten.“
299 3488 383 3573 (sim.
409 3489 594 3554 Schmiedel
619 3492 636 3572 ξ
661 3489 691 3572 5,
713 3526 737 3565 19
762 3496 797 3555 et
819 3490 894 3560 adn.
920 3489 984 3575 38).

212 3597 360 3661 Primum
376 3596 463 3661 enim
479 3602 623 3680 nonest,
649 3615 706 3661 cur
730 3598 911 3682 credamus,
928 3598 1105 3680 praecipue
1124 3599 1279 3681 „Aegyp-

104 3703 214 3767 tioac“
247 3703 414 3768 cuiusdam
448 3702 585 3768 dialecti
617 3704 783 3785 propriam
813 3703 917 3770 fuisse
941 3704 1166 3770 confusionem
1189 3705 1280 3770 illam

105 3810 295 3875 litterarum
317 3811 350 3875 H
373 3816 407 3875 61
430 3810 471 3880 Ε.
517 3811 656 3895 Deinde,
682 3811 813 3877 etiamsi
836 3812 924 3877 haud
947 3813 1097 3895 ignorem
1120 3813 1280 3894 scriptum

106 3936 180 3982 6666
209 3917 309 3983 etiam
341 3924 532 4000 συστεμάταν
557 3918 657 4004 (Ditt.
689 3917 763 4004 253,
784 3956 819 4004 m,
844 3921 968 4001 Ephes
993 3940 1078 3991 saec.
1105 3921 1145 4006 Ι),
1169 3926 1280 3986 tamen

105 4043 172 4089 non
203 4024 337 4090 videtur
366 4025 559 4109 verisimile,
593 4032 684 4093 ortas
715 4045 787 4092 esse
811 4026 933 4093 formas
957 4029 1091 4110 ἀνάθεμα
1114 4034 1177 4098 616.
1203 4028 1279 4093 sim-

105 4131 187 4214 plici
216 4132 454 4213 pronuntiandi
483 4133 578 4199 vitio.
