2910 4980
588 443 806 509 „15-

110 637 255 719 produnt
274 637 341 705 viri
365 638 534 705 cuiusdam
559 640 752 706 eruditioris
777 648 810 706 et
834 641 869 707 in
893 641 1066 708 scribendo
1092 642 1224 729 curiosi,
1248 643 1283 727 ii,

109 746 191 811 licet
215 746 388 828 compositi
421 747 490 812 sint
521 750 561 814 ab
595 748 726 813 homine
749 749 929 833 Aegyptio,
954 750 1114 815 exhibent
1136 752 1284 834 exempla

108 854 269 928 sermonis
302 854 377 918 duri
410 855 500 919 illius
534 855 662 935 quidem
693 873 928 938 saepenumero
963 862 997 921 et
1020 857 1104 922 satis
1128 859 1284 942 contorti,

108 962 168 1026 sed
191 981 285 1042 quem
309 961 344 1026 in
367 981 428 1027 usu
445 961 622 1027 formarum
647 963 686 1027 et'
711 982 827 1029 vocum
850 983 889 1028 ac
913 965 1101 1046 plerumque
1125 965 1225 1031 etiam
1248 966 1283 1031 in

109 1069 341 1134 construendis
375 1069 517 1152 singulis
552 1070 665 1134 verbis
697 1070 756 1135 vix
794 1070 886 1136 dicas
925 1090 998 1136 esse
1038 1072 1140 1137 multo
1176 1073 1283 1138 minus

108 1195 264 1258 graecum
288 1180 347 1241 aut
370 1177 471 1241 aliter
487 1196 641 1259 graecum
658 1196 696 1242 ac
713 1177 845 1242 dicendi
862 1197 966 1261 genus
982 1184 1084 1241 κοινῶν
1101 1180 1282 1262 proprium.

216 1284 309 1366 Quod
332 1302 374 1349 ue
397 1284 515 1349 videar
537 1284 636 1348 nimis
652 1284 811 1349 audacter
828 1285 1048 1369 contendisse,
1074 1285 1180 1351 fusius
1196 1305 1283 1380 nunc

108 1390 283 1473 disputabo
318 1390 358 1456 de
389 1411 516 1475 papyro
546 1391 683 1472 quodam
713 1390 878 1475 (Lugdun.
903 1393 956 1477 Β),
990 1393 1055 1477 qui,
1086 1393 1174 1458 sicut
1196 1413 1283 1459 nunc

107 1498 237 1578 quidem
260 1517 295 1562 sa
318 1500 420 1565 habet
443 1500 529 1580 apud
552 1499 791 1583 Leemansium
816 1500 922 1583 magis
945 1502 1059 1567 valere
1082 1500 1217 1568 videtur
1240 1501 1282 1567 ad

107 1605 334 1671 refellenda
362 1623 416 1689 11,
449 1624 531 1686 quae
559 1606 644 1689 dixi,
678 1625 772 1686 quarn
800 1607 842 1671 ad
874 1607 1106 1674 confirmanda.
1160 1608 1282 1674 Missus

108 1712 195 1777 enim
219 1717 293 1778 erat
316 1713 413 1794 hic*)
437 1713 580 1796 libellus,
612 1732 673 1793 quo
699 1713 829 1796 rogatio
855 1715 1046 1780 continetur
1070 1716 1282 1798 gemellorum

108 1820 271 1885 Thauetis
296 1825 330 1885 et
354 1821 488 1904 (lentie,
518 1821 625 1902 ipsum
654 1820 696 1885 ad
719 1839 831 1904 regem
856 1822 1093 1903 (Ptolemaeum
1117 1823 1281 1887 Philome-

107 1928 272 2012 terami),
296 1947 357 1993 111
373 1929 446 1993 fieri
463 1929 583 2012 potuit,
608 1928 686 2010 quin
707 1929 816 2008 aliqua
834 1948 906 1995 cum
923 1949 1003 1994 cura
1020 1935 1281 2017 componeretur.

107 2034 158 2099 Eo
181 2035 287 2118 magis
317 2035 471 2119 miretur,
505 2035 534 2100 si
566 2036 638 2115 quis
670 2037 779 2119 legat,
811 2055 893 2116 quae
924 2036 1138 2101 Leemansius
1162 2037 1281 2101 multos

107 2142 150 2206 ad
172 2142 261 2208 locos
285 2143 461 2208 adnotavit
484 2142 523 2206 de
548 2143 708 2207 sermonis
732 2143 838 2226 vitiis,
862 2148 900 2208 ut
916 2143 1060 2227 putavit,
1083 2144 1281 2210 manifestis.
1331 2199 1334 2203 .

108 2248 156 2313 Et
186 2249 353 2333 profecto,
390 2250 419 2314 si
455 2249 635 2314 retinemus
669 2249 830 2315 sermonis
861 2251 1044 2332 exemplum
1073 2251 1157 2333 tale,
1187 2251 1281 2331 quale

108 2355 323 2421 Leemansius
348 2357 464 2441 edidit,
498 2357 528 2422 si
563 2357 729 2438 sequimur
753 2358 938 2423 sententias
962 2378 982 2423 a
1005 2359 1079 2423 viro
1103 2358 1190 2424 doct.
1213 2359 1280 2424 sin-

108 2462 195 2545 gulis
219 2462 258 2528 de
283 2463 398 2529 formis
421 2464 585 2546 prolatas:
614 2483 679 2529 uon
703 2469 815 2547 potest
837 2465 965 2548 negari,
991 2484 1151 2548 apparere
1167 2465 1202 2530 in
1218 2467 1280 2531 hoc
1342 2521 1344 2526 .

107 2591 233 2653 papyro
257 2572 389 2638 dicendi
412 2591 516 2655 genus
540 2572 624 2637 satis
648 2573 830 2638 abhorrens
854 2575 895 2638 ab
920 2572 1007 2638 omni
1030 2572 1234 2639 Graecitate.

62 2681 65 2685 '
213 2677 277 2743 Sed
308 2679 396 2744 haud
419 2679 499 2762 scio,
533 2699 586 2761 11,
617 2697 699 2759 quae
731 2679 857 2761 scripta
887 2697 960 2743 esse
983 2678 1140 2744 videntur
1164 2684 1279 2745 contra

105 2803 225 2867 graece
248 2785 402 2866 loquendi
435 2804 546 2868 usum,
579 2804 618 2850 11
642 2785 816 2850 maximam
840 2790 969 2867 partem
993 2785 1132 2850 editoris
1156 2786 1279 2853 Batavi

105 2893 216 2974 potius
258 2895 372 2976 culpae
413 2894 589 2959 tribuenda
627 2894 696 2958 sint
733 2913 827 2974 quam
862 2893 1017 2958 inscitiae
1057 2893 1279 2976 gemellorum.

104 3001 283 3067 Videamus
307 3002 413 3085 igitur
437 3003 584 3085 singula!

213 3109 289 3174 Ool.
314 3107 373 3192 1‚3
397 3129 443 3190 sq.
490 3109 574 3174 satis
599 3108 782 3175 insolenter
807 3108 1001 3192 dictasunt,
1026 3128 1107 3189 quae
1122 3110 1279 3193 leguntur

105 3215 192 3297 apud
215 3214 460 3283 Lecmansium:
498 3213 593 3287 Ἴσιος
624 3217 671 3279 καὶ
699 3214 868 3304 Σαράπιος,
902 3218 977 3278 κατὰ
1008 3217 1041 3278 τὸ
1069 3218 1173 3290 καλῶς
1194 3219 1197 3299 l
1220 3218 1278 3300 [καὶ

105 3324 181 3385 κατὰ
204 3324 312 3408 πᾶσ]αν
341 3325 459 3412 εἰρήνην
483 3326 520 3386 τά
543 3329 700 3411 πράγματα
723 3327 909 3410 ἀγειοχότων.
957 3323 1146 3389 Scribamus
1162 3324 1277 3407 igitur,

105 3422 277 3509 quod‘non
301 3431 408 3496 minus
431 3434 515 3497 bene
539 3432 651 3513 explet
674 3432 811 3497 lacunae
835 3431 997 3513 spatium:
1020 3432 1096 3493 κατὰ
1119 3431 1152 3493 τὸ
1173 3432 1277 3504 καλῶς

105 3535 187 3622 [ἔχον
211 3538 255 3610 εἰς
279 3539 386 3622 πᾶσ]αν
410 3539 529 3626 εἰρήνην
553 3587 561 3600 ,
588 3587 594 3600 .
621 3587 628 3601 ,
654 3587 661 3602 ,
686 3558 791 3619 neque
815 3539 880 3604 iam
896 3538 973 3623 erit,
998 3539 1082 3619 quod
1098 3540 1277 3605 abhorrere

105 3643 197 3708 dicas
220 3664 239 3708 1
263 3645 465 3710 Graecorum
488 3646 645 3711 dictione.

212 3751 288 3817 Col.
315 3750 344 3836 1,
361 3789 385 3826 21
408 3772 453 3832 sq.
501 3753 591 3818 nullo
615 3752 709 3818 modo
734 3751 816 3816 ferri
841 3757 967 3833 potest:
992 3752 1033 3814 ἔτι
1055 3754 1162 3835 nauta<
1184 3751 1276 3826 οὔσας
1322 3819 1324 3823 ,

105 3856 138 3918 τὸ
161 3857 239 3919 θεῖον
269 3857 437 3945 βραβεύσας
458 3861 462 3942 l
484 3860 511 3943 [ὁ
542 3859 639 3946 πατὴρ
669 3859 828 3943 ἀπέδωκεν]
861 3859 906 3931 εἰς
938 3859 1074 3920 σύστασιν
1097 3856 1275 3944 Πτολεμαίῳ

212 4035 238 4101 a)
257 4053 291 4090 ne
316 4037 377 4104 quis
401 4038 496 4091 credat
519 4039 591 4092 hunc
615 4054 751 4105 papyrum
775 4037 814 4090 nil
837 4036 923 4090 fuisse
947 4036 1001 4090 nisi
1025 4036 1277 4091 commentariolum

105 4126 240 4192 quoddam
268 4127 302 4179 ad
330 4127 546 4180 adumbrandum
574 4126 726 4195 rogationis
754 4130 948 4194 argumentum
976 4125 1068 4193 potius
1092 4125 1276 4193 conscriptum

106 4231 187 4281 quiam
211 4215 328 4283 factunm,
352 4221 384 4269 nt
407 4215 568 4270 mitteretur
592 4217 626 4270 ad
650 4232 757 4285 regem,
780 4217 892 4270 obstant
916 4215 1132 4283 subscriptiones
1156 4215 1276 4285 aregiis

104 4303 316 4372 magistratibus
336 4310 384 4359 aut
403 4323 419 4358 a
438 4321 504 4374 rege
524 4305 582 4373 ipso
602 4310 732 4359 exaratae
752 4306 804 4374 (ap.
825 4306 916 4358 Lccm.
936 4323 962 4372 p.
982 4304 1034 4371 11).
