2910 4980
234 1550 281 1616 Ut
305 1555 466 1632 appareat
489 1549 566 1616 inde
591 1554 632 1616 ab
656 1551 765 1635 initio,
789 1571 927 1632 quorsus
952 1557 1081 1633 spectet
1112 1551 1209 1617 huius
1233 1551 1298 1617 dis-

129 1657 315 1738 putationis
331 1676 465 1741 summa,
489 1676 572 1723 neve
596 1658 712 1748 videar
735 1658 938 1742 farraginem
961 1657 1068 1742 magis
1092 1659 1298 1742 congessisse

126 1764 330 1847 singularum
355 1765 622 1831 observationum
646 1785 740 1846 quam
762 1771 853 1831 certo
871 1765 1008 1847 quodam
1024 1765 1088 1835 fine
1104 1785 1142 1831 ac
1160 1765 1298 1831 consilio

126 1870 245 1936 ductus
268 1890 341 1937 esse
366 1872 400 1936 in
429 1872 639 1956 disserendo,
671 1873 785 1954 paucis
817 1872 965 1954 praefari
996 1872 1079 1938 libet
1103 1873 1143 1938 de
1168 1878 1298 1938 contro-

24 2032 31 2042 .
126 1979 238 2044 versia
272 1983 420 2044 tractata
456 1979 514 2044 illa
550 1979 680 2059 quidem
715 1980 907 2062 saepissime
938 2000 957 2045 a
987 1980 1072 2046 viris
1102 1979 1210 2045 doctis
1242 1979 1299 2044 sed

127 2086 315 2151 etiamnunc
348 2105 503 2168 perquam
537 2087 635 2170 longe
669 2106 688 2151 a
720 2106 879 2170 prospero
910 2087 1003 2152 exitu
1038 2093 1182 2170 remota;
1217 2105 1298 2166 quae

127 2199 179 2258 est
202 2193 241 2258 de
265 2194 380 2277 lingua
403 2203 505 2280 κοινῆς
528 2193 659 2259 nomine
683 2194 861 2276 appellata.
1119 2191 1122 2201 '

236 2300 440 2382 Usurpamus
462 2319 522 2365 nos
546 2301 632 2366 hanc
662 2319 775 2367 vocem
799 2301 841 2366 ad
869 2301 1121 2385 significandum
1145 2319 1299 2384 graecum

127 2425 309 2472 sermonem
330 2426 412 2491 eum,
436 2408 492 2493 qui
508 2412 584 2490 post
599 2408 785 2474 Alexandri
808 2408 879 2474 fere
903 2414 1048 2474 aetatem
1072 2408 1166 2492 fungi
1190 2407 1300 2489 coepit

127 2514 200 2579 vice
231 2519 381 2580 veterum
411 2514 628 2580 dialectorum
659 2514 885 2599 peculiarium,
919 2534 1000 2596 quae
1035 2516 1164 2581 indies
1193 2515 1299 2598 magis

127 2624 372 2687 evanescebant
395 2641 461 2687 non
490 2641 507 2687 e
540 2622 667 2687 litteris
698 2623 801 2689 solum
832 2623 890 2688 sed
921 2623 1086 2688 etiamen
1110 2623 1238 2705 oribus,
1262 2626 1299 2686 ut

127 2728 272 2812 videtur,
296 2747 490 2811 graecorum
514 2729 681 2795 hominum
704 2730 919 2796 eruditorum.
965 2730 1077 2811 Neque
1101 2729 1225 2795 iniuria
1249 2729 1298 2793 in·

126 2835 258 2901 ductam
282 2854 354 2901 esse
379 2836 470 2902 illam
494 2836 700 2918 potissimum
723 2837 989 2921 appellationem,
1014 2836 1113 2902 facile
1131 2835 1298 2919 concedet,

127 2942 156 3007 si
187 2943 259 3023 quis
291 2961 400 3008 secum
424 2944 652 3028 reputaverit,
683 2950 886 3026 quantopere
910 2964 1030 3011 novum
1054 2944 1144 3009 istud
1167 2942 1299 3008 dicendi

128 3068 242 3133 genus,
260 3068 332 3114 cum
348 3056 448 3116 antea
464 3069 524 3132 per
539 3052 685 3116 locorum
702 3050 910 3117 differentias
927 3070 1070 3116 summae
1083 3049 1299 3132 apparuerint

127 3156 330 3240 singulorum
354 3176 507 3224 sonorum
535 3163 570 3223 et
600 3158 778 3224 formarum
801 3160 1003 3242 varietateS,
1035 3158 1117 3240 ipsis
1148 3157 1240 3223 hisce
1264 3157 1298 3222 in

126 3266 224 3329 rebus
248 3263 283 3328 in
299 3265 490 3330 universum
506 3268 665 3346 praebeat
681 3266 824 3346 speciem
839 3251 1037 3330 unitatis'ac
1054 3262 1298 3330 communionis.

57 3378 61 3389 “
126 3369 239 3435 Nihilo
264 3375 375 3436 tamen
405 3371 512 3436 minus
544 3370 637 3436 fuere
666 3372 793 3437 nostris
816 3371 1020 3453 temporibus
1029 3371 1078 3454 *),
1109 3370 1299 3451 quiveram

125 3485 227 3563 κοινῆς
256 3479 494 3560 proprietatem
524 3479 573 3544 ita
604 3498 669 3544 non
699 3479 875 3544 crederent
904 3478 1045 3560 positam
1076 3495 1148 3542 esse
1172 3477 1207 3542 in
1230 3477 1298 3561 illa,

126 3602 221 3663 quam
245 3584 325 3669 dixi,
350 3585 564 3669 aequalitate,
587 3590 626 3650 ut
642 3585 735 3650 cerni
752 3604 822 3650 eam
838 3586 975 3650 mallent
999 3585 1034 3650 in
1058 3583 1299 3650 elocutionis

126 3690 265 3770 quadam
288 3691 570 3775 dissimilitudine,
595 3711 697 3772 eaque
720 3712 786 3757 non
809 3697 877 3757 tam
894 3711 911 3757 e
927 3697 1112 3774 temporum
1127 3691 1299 3757 distantiis

126 3797 322 3878 explicanda
353 3798 639 3864 intercedentibus
669 3799 759 3864 inter
788 3799 937 3882 singulos
966 3800 1099 3882 κοινούς,
1134 3818 1228 3880 quarn
1258 3818 1299 3864 ex

232 4028 259 4095 a)
279 4030 312 4083 cf.
336 4030 551 4098 Bernhardinm,
577 4046 618 4099 gr.
643 4029 712 4083 Litt.
732 4027 771 4083 1⁴.
791 4047 816 4098 p.
841 4029 907 4098 498,
931 4046 1003 4098 sqq,
1028 4028 1175 4101 praecipue
1194 4047 1220 4098 p.
1238 4029 1298 4084 517.

127 4119 258 4173 (laterum
278 4118 419 4187 similiter,
445 4135 505 4172 cum
530 4118 591 4172 aliis
615 4118 644 4173 in
664 4119 746 4173 rebus
766 4118 913 4172 abhorreat
933 4135 950 4172 a
968 4117 1133 4172 Bernhardii
1152 4119 1300 4187 sententia,

126 4207 261 4262 iudicasse
281 4207 407 4263 videtur:

232 4298 380 4367 Steinthal,
400 4298 497 4351 Gesch.
517 4298 566 4351 der
585 4298 724 4365 Sprachw.
744 4314 769 4365 p.
789 4297 851 4365 386,
870 4314 929 4364 sqq.

1051 4403 1085 4458 1*
