2910 4980
627 411 845 478 *71-

146 609 381 692 Aristophani,
415 608 469 689 qui
505 608 593 673 dixit
624 609 713 674 Plut.
747 605 811 673 819
846 607 997 691 βουθυτεῖν
1033 608 1079 693 ίιν,
1112 610 1319 693 ναυπηγεῖσθαι

147 717 234 781 idem
262 716 345 796 quod
374 722 448 788 ναῦς
480 717 618 799 πηγνύναι
644 715 825 800 Herodoto,
856 715 911 796 qni
940 715 1076 797 scripsit
1104 717 1139 780 Π
1173 714 1215 781 96
1245 723 1319 792 ναῦς

146 826 392 908 ναυπηγεύμενοι,
424 825 466 889 al.
497 824 554 907 (of.
578 815 610 889 h.
643 824 727 906 disp.
759 844 790 906 p.
822 821 864 889 46
893 823 1006 905 adn.)?
1033 822 1118 905 Quid
1141 823 1230 890 aliud
1254 824 1318 891 fuit

147 933 360 1020 φιλοτιμεῖσθαι
391 932 504 997 multis
535 933 689 998 Platonis
722 932 804 997 locis
831 931 899 997 nisi
931 932 1075 1013 „aliquid
1108 932 1212 1016 faoio,
1241 953 1317 999 oon·

146 1040 266 1105 tendo“
305 1038 367 1124 (sio
391 1039 465 1105 Ast.
501 1039 537 1104 in
571 1039 720 1121 ind.)?*)
757 1039 847 1121 Quae
878 1057 950 1104 oum
979 1039 1029 1105 ita
1063 1039 1141 1123 sint,
1166 1045 1316 1125 nonest,

146 1147 232 1227 quod
266 1146 441 1229 miremur,
475 1147 635 1212 voeabula
666 1147 831 1231 φιλόνικος,
870 1147 1039 1231 φιλονικεῖν,
1072 1148 1124 1208 -ῖα
1154 1146 1317 1229 pristinae

145 1253 292 1319 notionis
315 1253 424 1333 aliqua
447 1236 630 1319 mutatione
658 1252 749 1318 faeta
772 1257 932 1334 usurpata
956 1271 1029 1318 esse
1053 1253 1153 1319 etiam
1176 1254 1216 1319 de
1241 1273 1316 1321 oon-

145 1360 310 1426 tendendo
333 1361 387 1425 vel
404 1361 554 1426 rixando.
601 1360 651 1426 Ao
674 1379 792 1443 reapse
817 1379 886 1426 rem
910 1360 959 1426 ita
983 1379 1018 1426 se
1041 1361 1208 1446 habuisse,
1232 1362 1316 1428 satis

145 1468 327 1534 verisimile
350 1469 387 1534 fit
411 1488 429 1534 e
452 1469 578 1534 titulis:

253 1576 287 1641 O.
312 1576 344 1641 J.
370 1577 409 1642 G.
434 1576 507 1642 add.
533 1573 619 1642 3568
651 1577 747 1663 sirpo
776 1576 878 1659 (deor.
908 1576 1122 1642 Peltenornm
1144 1576 1315 1660 Phrygiae

144 1684 199 1749 ΙΙΙ
223 1683 293 1749 fere
322 1704 351 1748 a.
380 1684 457 1749 Chr.
486 1684 648 1766 saeo.**))
683 1683 826 1766 legitur:
864 1683 914 1746 ἐοίν
947 1705 1027 1756 τινες
1060 1683 1224 1766 βούλωνται
1255 1690 1315 1747 τῶν

145 1791 266 1863 ἐντοῖς
290 1791 462 1877 φιλονικίαις
495 1790 683 1878 ὑπαρχόντων
713 1791 906 1879 διακρίνεσθαι
944 1787 1091 1855 ε’πάὐτοῖι.
1147 1791 1314 1876 Videmura

143 1900 206 1964 hoo
230 1899 301 1965 loon
319 1899 406 1964 idem
418 1899 489 1964 fere
506 1899 697 1982 signifioare
714 1898 883 1985 φιλονικίαν,
908 1899 992 1980 quod
1004 1898 1121 1964 rixam.
1169 1898 1314 1965 Similem

143 2006 311 2072 notionem
341 2008 444 2072 habes
475 2007 510 2072 O.
534 2006 568 2071 J.
592 2007 631 2073 G.
663 2006 736 2072 add.
762 2004 859 2089 2561,
883 2008 918 2090 b,
938 2041 964 2081 aa
996 2007 1207 2091 (Pariorumi
1238 2026 1314 2072 ann.

144 2111 186 2179 58
209 2114 264 2178 vel
287 2112 329 2178 57
354 2133 383 2179 a.
408 2115 496 2198 Cb),
525 2114 582 2179 ubi
607 2118 735 2179 exstat:
764 2122 824 2200 της
848 2112 879 2176 θέ
901 2114 1075 2202 προθέσεως
1098 2115 1182 2199 ημιῖιν
1207 2115 1313 2201 ἀκύρου

142 2223 305 2304 γενομένης
340 2222 385 2283 broi
428 2222 461 2283 τὸ
507 2221 758 2308 ὑπερβαλλόντως
807 2219 917 2295 αὐτοὺς
955 2222 1010 2307 τὴν
1049 2222 1124 2308 πρὸς
1156 2222 1313 2307 ἀλλήλους

142 2329 301 2415 φιλονικίαν
332 2328 520 2418 ε’νεστοῖσθαι,
560 2329 667 2413 συνέβη
697 2329 736 2413 τῇ
769 2331 860 2416 ψήφῳ
891 2330 946 2415 τὴν
981 2328 1070 2418 κρίσιν
1106 2328 1313 2417 βραβευθῆναι.

140 2436 221 2501 Cum
239 2455 320 2501 vooe
340 2435 449 2521 σπουλη
469 2435 556 2500 —si
577 2436 707 2517 quidem
723 2442 815 2502 rente
839 2418 1248 2519 supplevit'Fraenkelius
1271 2476 1311 2483 -

141 2544 352 2609 ooniunotnm
376 2547 525 2626 apparet,
558 2548 596 2607 ut
628 2543 715 2609 idem
748 2544 793 2608 sit
824 2544 909 2625 quod
943 2543 1119 2625 „eximium
1142 2544 1178 2609 in
1202 2544 1312 2625 aliqua

140 2669 176 2715 re
200 2650 345 2715 studium
375 2655 473 2730 atque
497 2650 681 2716 industria“
717 2651 913 2735 („lbbliober
937 2650 1137 2717 Wetteifer“
1164 2650 1311 2717 Fraenk.

139 2779 171 2840 p.
197 2755 295 2839 rto:
330 2758 418 2822 Inso.
448 2759 548 2841 Perg.
574 2756 649 2841 245,
674 2759 742 2841 Ast
778 2759 827 2843 (in
861 2760 995 2824 decreto
1028 2758 1140 2842 oppidi
1172 2759 1311 2837 Pitanes

140 2884 227 2930 saeo.
252 2865 287 2929 Π
311 2885 341 2931 a.
366 2866 477 2948 Chr.):
581 2877 583 2880 ⁴

248 2973 294 3034 καί
319 2973 358 3058 μὴ
383 2969 605 3060 π(ο)ρ’βωτ[έρω
629 2973 739 3056 σπουθῇ
763 2973 822 3058 aab
846 2975 988 3061 φιλονικίᾳ
1011 2974 1106 3060 έμφαν
1130 3021 1138 3036 .
1164 3025 1171 3038 .
1198 3025 1204 3038 .

248 3204 275 3270 *t
296 3206 444 3259 seoundum
464 3206 616 3259 Frankium
634 3205 764 3261 videlieet
782 3206 822 3260 nil
848 3207 941 3260 valere
960 3206 1052 3274 potuit
1064 3203 1247 3277 φιλοτιμεῖσθαι
1259 3205 1313 3260 nisi

140 3295 288 3363 „cupidum
316 3311 375 3349 esse
398 3295 558 3349 honorum“.
606 3296 692 3362 Quam
719 3296 924 3365 interpretandi
951 3296 1085 3351 rationem
1110 3297 1312 3352 transferamus
1351 3290 1353 3299 ’

138 3400 243 3452 quaeso
263 3385 298 3438 ad
316 3385 392 3452 haee,
412 3400 482 3452 quae
501 3384 569 3438 mihi
587 3390 699 3454 praesto
726 3390 792 3439 sunt
810 3385 920 3453 Polybii
938 3386 1024 3441 verba
1043 3387 1073 3440 II
1091 3386 1135 3455 42,
1150 3403 1171 3455 o,
1191 3390 1220 3440 et
1238 3386 1312 3440 vide-

138 3489 227 3540 amus,
248 3473 358 3539 quinam
379 3474 479 3527 evadat
499 3489 610 3528 sensus:
636 3468 668 3542 (οἱ
687 3467 794 3544 Ἀχαιοί)
815 3467 866 3525 ἀντὶ
884 3473 968 3545 ποίσης
985 3480 1032 3546 τῆς
1051 3471 1145 3526 ἑαυτῶν
1163 3471 1310 3546 φιλοτιμίας

137 3563 171 3633 ἣν
194 3560 337 3635 παρείχοντο
360 3564 411 3621 τοῖς
434 3562 585 3633 συρραγοις,
616 3560 867 3636 ἀντικατηλλάττοντο
891 3561 937 3636 την
967 3561 1078 3616 ἑκάστων
1104 3561 1251 3637 ἐλευθερίαν
1278 3588 1310 3610 =

137 3668 190 3722 pro
216 3653 288 3706 omni
314 3670 363 3707 sua
388 3654 520 3707 honorum
546 3654 708 3723 eupiditate,
735 3671 817 3723 quam
842 3656 1013 3724 praebebant
1032 3655 1120 3724 sociis,
1140 3659 1192 3709 eto.
1230 3655 1312 3710 Certe

138 3742 164 3796 si
184 3742 344 3796 adhibemus
363 3743 478 3797 Frankii
497 3743 572 3798 illam
591 3745 720 3799 vertendi
739 3744 882 3814 rationem,
901 3747 951 3799 hoo
966 3761 1074 3813 quoque
1086 3746 1144 3800 looo
1155 3761 1209 3799 non
1221 3744 1312 3800 minus

138 3831 262 3885 efficitur
283 3831 415 3898 „ridicula
441 3832 544 3886 oratio“
572 3837 657 3901 atque
683 3849 715 3888 ea
735 3837 786 3902 est,
813 3851 894 3902 quam
920 3834 1092 3903 prodituram
1116 3850 1176 3888 esse
1194 3834 1312 3889 credidit
1388 3851 1390 3856 ’

137 3922 195 3988 Fr,
216 3920 239 3974 s'i
259 3920 368 3987 quidem
388 3922 557 3978 scriberetur
576 3924 634 3978 Pol.
654 3925 694 3979 IV
713 3924 784 3992 49‚a
810 3920 942 3995 φιλονικίαν
965 3941 1015 3993 pro
1034 3922 1182 3995 φιλονεικίαν
1201 3924 1246 3992 (of.
1265 3925 1311 3980 nr.

138 4013 158 4066 1.
177 4011 195 4065 l.
214 4029 241 4079 p.
260 4010 332 4076 472).
369 4013 540 4067 Putemusne
559 4030 625 4083 ergo
643 4016 804 4069 mutandam
818 4031 877 4069 esse
890 4014 1035 4069 lectionem
1048 4011 1207 4086 φιλοτηιίοςλ
1226 4016 1312 4069 Ιιιιιιιο

138 4115 206 4154 vero
234 4115 289 4153 non
316 4101 460 4168 perspexit
484 4103 539 4171 Fr„
568 4119 702 4170 quaenam
731 4104 773 4158 vis
802 4121 884 4173 saepe
911 4104 1036 4159 subiecta
1064 4105 1151 4159 fuerit
1180 4105 1312 4159 eiusmodi

138 4189 263 4244 vooibus.
282 4220 317 4227 —

230 4277 275 4346 aa)
295 4279 482 4349 antiquiorum
501 4287 655 4352 temporum
674 4299 717 4338 me
736 4284 813 4338 nulla
825 4283 964 4339 invenisse
978 4285 1111 4355 exempla,
1130 4283 1211 4339 valde
1225 4283 1312 4339 doleo.
