2910 4980
573 467 790 535 „19-

95 662 268 748 ἐαιχωρηθῇ
285 663 410 746 legitur
427 664 495 728 001.
513 662 543 748 3,
560 700 573 738 1
590 685 649 747 pro
666 669 766 732 verbo
784 667 921 748 quodam
935 668 1134 734 concedendi
1148 673 1213 754 (συν
1228 708 1268 718 -

141 776 322 856 παραχωρεῖν
347 769 496 852 0110101.
521 790 603 850 quae
626 772 665 836 de
687 773 749 837 lroc
772 792 833 838 usu
856 773 936 839 infr.
956 775 1040 857 disp.

95 877 287 939 καθίστασθαι
319 877 402 960 (001.
424 875 510 961 3,11)
542 879 710 961 significat
736 886 847 962 ,stare
879 882 913 947 in
945 883 1100 966 iudicio“,
1135 884 1269 966 „adesse

140 984 181 1048 ad
211 985 387 1049 1011101010α
428 987 552 1069 (Leem.
583 1008 614 1068 p.
648 985 722 1070 18),
763 989 860 1070 plane
891 991 1056 1073 geminum
1087 991 1270 1072 exemplum
1329 1013 1331 1017 ·

139 1093 241 1156 habes
265 1093 351 1174 apud
374 1094 548 1175 Polybium
572 1095 693 1159 XXIII
719 1092 770 1178 18,
786 1131 808 1169 5.

202 1201 251 1265 De
275 1201 367 1265 vocis
392 1199 525 1282 ἔντευξις
548 1221 608 1267 usu
633 1203 715 1286 (001.
740 1201 888 1286 3,1011)
914 1204 956 1275 cf.
980 1223 1061 1285 quae
1084 1204 1270 1287 disputavit

94 1308 135 1371 A.
159 1308 292 1389 Peyron
316 1308 398 1389 Pap.
424 1309 522 1373 Taur.
546 1309 563 1372 I
588 1305 651 1373 101
676 1328 723 1390 sq.
1233 1315 1237 1322 '

201 1414 257 1505 Nil
290 1414 395 1497 igitur
429 1420 498 1498 est,
533 1416 617 1495 quod
649 1415 843 1482 inusitatius
876 1416 1036 1499 scriptum
1067 1436 1140 1483 esse
1167 1418 1270 1502 (11000,

93 1522 160 1587 nisi
184 1523 246 1587 hoc
270 1540 369 1586 unum
392 1522 554 1588 fortasse:
579 1527 847 1610 συντεταραγμένους
871 1524 953 1607 (001.
977 1522 1070 1608 2,1).,

201 1630 313 1709 Neque
331 1630 431 1694 etiam
448 1630 477 1694 si
494 1630 619 1695 animos
637 1630 846 1697 advertemus
859 1631 901 1696 ad
914 1632 1081 1698 scribendi
1095 1631 1270 1716 rationem,

93 1755 189 1818 quam
212 1736 480 1823 ὀρθυγραρίαν
504 1742 706 1820 nuncupant,
731 1738 946 1822 inveniemus
972 1758 1053 1820 quac
1077 1738 1271 1821 discrepent

94 1864 167 1910 cum
191 1843 428 1909 cousuetudine
461 1846 515 1910 vel
547 1844 764 1909 erudItissimi
797 1845 952 1926 cuiusque
980 1846 1122 1912 hominis
1147 1846 1272 1912 Graeci

92 1958 173 2016 tunc
197 1950 328 2032 quidem
350 1950 520 2016 florentis:

201 2058 299 2122 Nulla
331 2058 461 2123 omnino
498 2064 633 2124 exstant
667 2059 813 2142 vestigia
850 2059 1013 2142 itacismi,
1048 2060 1102 2140 qui
1136 2060 1271 2126 dicitur.

95 2165 229 2247 Semper
266 2185 364 2247 porro
398 2172 536 2248 excepto
567 2167 639 2233 loco
669 2186 733 2232 uno
767 2167 850 2250 (001.
879 2164 960 2250 111
991 2169 1148 2251 συνεταγιρ)
1181 2173 1271 2234 recte
1347 2226 1350 2230 .

94 2273 237 2355 positum
261 2279 312 2337 est
337 2297 344 2334 ι
368 2273 588 2357 adscriptum,
620 2274 654 2339 id
678 2275 761 2355 quod
793 2292 831 2340 eo
862 2275 967 2357 magis
998 2280 1050 2339 est
1079 2275 1271 2359 mirandum,

94 2380 170 2460 quia
193 2379 270 2444 inde
294 2400 313 2444 a
337 2398 423 2444 saec.
447 2381 519 2445 fere
542 2381 578 2444 Il
602 2400 642 2445 ne
666 2381 856 2447 Atticorum
879 2381 1008 2461 quidem
1024 2382 1150 2464 scripta
1166 2382 1272 2448 libera

94 2486 197 2551 fuisse
215 2492 347 2552 constat
358 2487 485 2551 mendis
497 2487 532 2553 in
545 2488 642 2553 huius
654 2488 781 2553 vocalis
794 2488 961 2573 scriptura
975 2488 1092 2553 factis:
1116 2489 1271 2581 Meister-

93 2594 177 2658 hans
201 2615 231 2675 p.
257 2591 310 2677 53,
335 2593 378 2658 cf.
403 2595 443 2660 G.
469 2596 585 2676 Meyer
607 2615 658 2678 gr.
682 2596 741 2661 Gr.
766 2596 783 2678 ξ
809 2592 882 2659 nu.

104 2721 110 2728 ’
200 2699 295 2766 Infra
325 2700 432 2765 dicam
463 2701 503 2766 de
534 2701 649 2767 formis
682 2703 862 2789 λειτουργία,
895 2702 1072 2789 λειτουργεῖν
1106 2703 1188 2785 (001.
1214 2701 1271 2785 1,2

93 2807 136 2872 al.
161 2827 219 2888 pro
244 2807 441 2894 ληιτοοργία),
479 2812 654 2895 ἀγειυχότανν
679 2808 838 2892 (001.1,1
861 2829 920 2891 pro
944 2809 1158 2895 ἀγη[]]οχο’τανν
1182 2808 1271 2874 facto

93 2933 136 2978 ex
166 2915 388 3001 ἀγηγοχότων),
431 2924 558 2992 ποεῖται,
598 2924 661 2979 ποεῖ.
694 2914 959 2999 (001.2,1011
992 2917 1034 2981 cf.
1065 2923 1176 2981 tamen
1208 2918 1272 2988 υἱός

93 3021 163 3086 001.
189 3019 271 3105 2,11,
296 3023 364 3087 001.
383 3021 412 3105 3,
431 3023 480 3105 11),
505 3026 615 3106 γίνομαι
640 3024 723 3107 (001.
751 3022 833 3107 1,1),
858 3024 968 3107 μηθείς
992 3023 1074 3107 (001.
1092 3022 1121 3106 2,
1137 3059 1159 3106 3,
1190 3024 1226 3105 7).

202 3129 351 3210 Denique
375 3150 436 3210 quo
460 3130 532 3194 iure
561 3130 711 3213 corrigat
732 3131 947 3196 Leemansius
970 3131 1093 3211 ἐγλιαεῖν
1117 3128 1270 3213 001.2,1,

94 3235 244 3316 equidem
275 3256 341 3303 uon
372 3237 550 3320 intellego:
580 3237 623 3302 cf.
654 3239 790 3303 Meisth.
821 3259 851 3319 p.
876 3235 918 3302 83
943 3237 981 3320 d,
1020 3238 1272 3302 Blass-Klihner

95 3364 127 3425 p.
153 3341 217 3407 261
242 3344 317 3409 adn.
341 3342 371 3408 1.
659 3414 671 3436 ‚

200 3451 241 3514 In
266 3454 492 3517 verborum
515 3451 701 3517 flexione
726 3470 935 3532 quaecunque
951 3451 1115 3516 dissident
1131 3471 1150 3515 a
1167 3453 1271 3517 bonae

93 3557 218 3623 aetatis
243 3559 498 3640 cousuetudine,
527 3565 705 3624 occurrunt
729 3559 829 3624 etiarn
853 3559 939 3641 apud
962 3559 1155 3642 Polybium,
1179 3559 1272 3622 velut

94 3665 238 3751 ἀγ(ή)υγα
262 3665 344 3748 (001.
371 3663 461 3756 1,1),
494 3666 650 3752 γενηθῆναι
682 3666 764 3749 (001.
789 3664 899 3748 3,15),
934 3665 1050 3746 quibus
1083 3666 1123 3729 de
1157 3663 1272 3729 formis

94 3771 138 3836 of.
162 3772 230 3837 hui.
255 3758 339 3854 disp.
363 3793 394 3854 p.
420 3811 460 3818 -

202 3879 294 3944 Idem
307 3880 398 3945 valet
411 3879 451 3945 de
464 3884 563 3945 rebus
575 3880 743 3947 nonnullis
755 3880 1001 3962 pertinentibus
1014 3880 1056 3945 ad
1068 3881 1159 3942 σιἰντ
1169 3877 1213 3960 αξ
1223 3902 1270 3955 ιν,

94 4003 174 4065 quas
199 4004 271 4050 cum
295 3986 384 4051 infra
408 3987 604 4070 diligentius
629 3987 691 4051 sim
714 3992 939 4069 tractatuum,
964 3987 1114 4052 breviter
1140 3991 1272 4052 tanturn

93 4094 251 4159 hocloco
276 4093 359 4158 libet
387 4112 595 4160 enumerare:
630 4095 795 4177 ἐμπυθὶζειν
820 4094 1034 4177 coniungitur
1058 4114 1130 4159 cum
1153 4094 1270 4159 dativo

94 4199 164 4264 001.
189 4197 218 4283 3,
235 4223 264 4282 ⁷3
299 4200 367 4265 001.
392 4199 422 4283 3,
449 4236 473 4273 11
501 4207 614 4266 exstat
647 4201 778 4282 ἐγκαλεῖν
821 4223 873 4263 τινι
909 4200 979 4287 ὑπὲρ
1020 4223 1117 4283 τινος,
1149 4203 1168 4286 ἡ
1203 4197 1268 4263 καθ’

94 4308 177 4391 ἡμᾶς
210 4308 375 4394 λειτουργία
411 4309 479 4373 dol.
515 4307 588 4391 1,9,
630 4309 698 4373 001.
730 4307 811 4393 3,11
848 4309 973 4373 dicitur
1012 4329 1070 4390 pro
1101 4310 1272 4396 ἡὴμετέρα

1019 4433 1053 4486 ρν
