2910 4980
572 420 790 488 ,31-

199 616 404 699 Scripturam
429 654 469 662 —
494 617 543 680 EI
568 654 609 662 -
633 616 766 715 habent
786 621 921 698 praeter
944 616 1079 682 titulum
1101 618 1263 702 Atticum,

92 742 185 804 quem
207 722 381 790 Meisterh.
405 744 436 805 p.
461 721 513 806 34,
538 723 612 789 adn.
626 720 702 789 246
726 723 774 808 (C.
799 725 832 789 J.
855 725 897 790 A.
921 724 958 789 ΙΙ
983 721 1060 809 6031
1083 725 1216 791 attulit:

200 829 270 894 Titi
287 830 422 913 Quincti
438 830 620 896 Flaminini
636 831 789 914 epistula,
812 830 903 896 Vier.
928 832 945 896 I
969 831 1025 916 (=
1041 832 1128 897 Ditt.
1145 830 1263 917 20111

91 937 208 1020 ἔηειοι,
241 937 359 1002 titulus
390 936 570 1002 Calaureus
594 938 643 1011 Le
658 939 725 1003 Bos
757 938 869 1022 inser,
903 940 976 1004 cah.
1007 938 1037 1002 V
1060 936 1163 1024 sads
1187 940 1261 1025 (quo

90 1044 268 1109 secundum
291 1045 339 1108 Le
356 1044 491 1109 Basium
515 1045 706 1110 continetur
730 1045 818 1110 decr.
830 1045 1110 1128 Amphictyonum
1134 1065 1261 1129 compo-

90 1151 191 1216 situm
206 1156 285 1216 tunc
303 1169 375 1215 cum
390 1150 646 1216 Atheniensium
662 1151 846 1216 auctoritas
862 1151 970 1217 valuit
994 1152 1029 1217 in
1051 1152 1115 1217 hac
1139 1152 1262 1238 insula;

91 1263 168 1323 sunt
198 1264 307 1323 autem
343 1263 477 1323 servata
506 1258 541 1322 in
569 1258 667 1324 huius
698 1258 791 1323 tituli
822 1277 970 1324 sermone
999 1259 1262 1325 eborensium

90 1364 268 1448 proprium,
285 1365 382 1447 δόμεν,
401 1364 506 1449 siml:
530 1369 687 1449 μεσόγειον.
724 1366 806 1447 Pap.
818 1366 926 1449 Lugd.
939 1366 980 1449 U,
992 1366 1061 1431 Col.
1074 1364 1105 1450 3,
1119 1401 1145 1441 14
1161 1369 1261 1450 (saec.

89 1472 125 1536 Π
142 1493 171 1537 a.
189 1471 279 1555 Chr.)
303 1471 427 1554 legitur
448 1475 602 1555 μεσόγεον,
627 1473 712 1552 quod
731 1492 797 1538 non
818 1490 914 1554 posse
930 1473 1090 1554 scriptum
1106 1492 1178 1539 esse
1202 1495 1261 1556 pro

90 1581 252 1665 peoo'pbrov,
268 1587 307 1646 ut
322 1581 537 1646 Leemansius
555 1581 698 1647 coniecit
714 1581 749 1646 in
765 1581 991 1665 adnotatione,
1008 1600 1107 1664 supra
1124 1583 1261 1664 exposui

90 1687 147 1771 (cf.
169 1689 279 1772 etiam,
305 1689 389 1769 quod
413 1689 545 1771 saepius
569 1688 802 1770 scriptumest
824 1688 859 1753 in
875 1690 937 1754 hoc
954 1709 1098 1771 papyro:
1118 1686 1261 1775 Ἀγύπτῳ

89 1815 148 1876 pro
172 1795 341 1881 Αἰγύπτῳ),
371 1796 483 1877 itaque
506 1797 604 1878 plane
628 1795 740 1861 eadem
764 1795 851 1862 ratio
873 1795 1104 1862 intercessisse
1128 1796 1262 1863 videtur

89 1902 179 1967 inter
208 1907 346 1986 peoo'peov
370 1909 404 1968 et
429 1907 575 1987 μεσόγειον
598 1923 637 1968 ac
661 1922 742 1984 quae
767 1903 831 1968 fuit
854 1903 944 1968 inter
968 1907 1121 1987 supinet
1145 1907 1261 1988 σημεῖα.

198 2010 288 2092 Quae
319 2030 390 2075 cum
420 2010 468 2076 ita
498 2010 577 2094 sint,
607 2010 773 2093 videmus,
803 2011 1029 2092 praevaluisse
1053 2011 1088 2076 in
1112 2029 1261 2077 sermone

90 2117 251 2182 communi
279 2116 401 2182 formas
430 2116 578 2198 lonicas3
610 2135 672 2182 nec
695 2122 806 2182 tamen
829 2135 964 2198 prorsus
988 2117 1173 2183 exstinctus
1197 2117 1262 2183 fuit

88 2241 167 2288 usus
198 2222 376 2289 formarum
405 2242 464 2305 per
488 2223 536 2288 EI
561 2223 775 2306 scriptarum,
807 2223 926 2306 quippe
955 2243 1037 2304 quae
1065 2243 1130 2289 non
1159 2224 1262 2289 solum

87 2330 276 2395 resederint
316 2329 351 2395 in
384 2329 511 2412 Attica,
556 2330 614 2395 sed
649 2330 749 2395 etiam
783 2329 962 2396 uideantur
1003 2331 1092 2396 ultra
1125 2330 1262 2396 Atticae

86 2436 235 2519 regionis
259 2437 340 2502 fines
365 2455 437 2501 esse
457 2441 661 2519 propagatae
684 2435 961 2516 intermixtaeque
977 2435 1092 2502 formis
1115 2437 1262 2520 vulgari·

87 2545 158 2608 bus.
204 2544 310 2608 Recte
330 2562 410 2626 ergo
431 2561 622 2624 unoquoque
638 2542 772 2625 Polybii
795 2543 866 2609 loco
890 2543 1086 2609 Hultschius
1110 2544 1262 2629 retinuit,

87 2650 173 2730 quod
195 2649 231 2715 in
255 2650 389 2732 optimis
413 2649 581 2715 codicibus
604 2655 656 2714 est
679 2649 849 2715 traditum.

194 3074 229 3159 3)
251 3076 293 3140 ln
316 3075 380 3141 fine
403 3075 501 3140 huius
518 3076 638 3158 capitis
661 3096 765 3158 pauca
789 3077 910 3142 addere
933 3077 1016 3143 libet
1039 3077 1081 3143 ad
1105 3097 1153 3163 ea,
1179 3099 1260 3159 quae

85 3188 310 3264 exposuerunt
325 3183 515 3248 Lobeckius
532 3185 650 3266 (paral.
670 3184 716 3268 ll,
741 3184 820 3249 diss.
837 3184 895 3268 VI,
921 3184 962 3250 ad
978 3166 1116 3266 Pbryn.'
1129 3206 1160 3267 p.
1185 3185 1260 3271 249,

85 3289 152 3356 445
169 3289 240 3373 sq.),
265 3289 408 3355 Cobetus
424 3291 509 3374 (var.
526 3290 603 3356 lect.
620 3311 651 3372 p.
669 3289 711 3357 85
728 3297 762 3356 et
785 3292 852 3374 al),
877 3291 1060 3357 Ostlroffius
1084 3294 1260 3376 (Morpbol.

83 3397 222 3462 Unters
238 3395 286 3460 IV
303 3417 333 3478 p.
351 3394 416 3461 135
433 3395 495 3482 sq.)
512 3398 552 3463 de
568 3398 755 3463 nominibus
771 3399 806 3463 in
830 3421 894 3481 -μα,
919 3418 1001 3480 quae
1025 3399 1123 3465 ducta
1147 3406 1225 3465 sunt
1241 3421 1260 3466 a

84 3503 296 3585 stirpibus
320 3503 623 3570 desinentibus
641 3505 885 3570 invocalem
908 3508 1094 3588 brevem3
1118 3507 1260 3590 diligen-

82 3611 154 3677 tius
168 3611 208 3675 de
225 3610 383 3675 universa
398 3611 590 3691 quaestione
603 3612 668 3678 alio
687 3612 830 3678 fortasse
843 3618 989 3694 tempore
1005 3613 1071 3677 erit
1088 3614 1259 3695 agendum.

192 3717 339 3782 Exstant
370 3718 456 3799 apud
483 3718 678 3800 Polybium:
711 3720 821 3802 ἕκθεμα
849 3720 967 3785 XXXI
997 3717 1048 3802 10,
1065 3755 1086 3803 1,
1115 3720 1188 3802 be'po
1211 3721 1259 3791 VI

82 3822 198 3908 33,11,
228 3825 349 3889 ceteris
377 3828 487 3889 tamen
517 3826 599 3890 locis
632 3844 760 3908 semper
790 3828 914 3892 habent
949 3826 1079 3891 codices
1109 3826 1258 3910 ἀνάθημα,

81 3931 230 4015 σύνθημα,
266 3932 337 3997 sim.
362 3939 500 4014 excepto
524 3935 585 3999 hoc
609 3954 673 4000 uno
696 3934 755 4018 Vl,
780 3933 833 4018 31,
849 3973 871 4018 7,
894 3935 950 4000 ubi
976 3935 1046 4000 cod.
1070 3935 1099 4000 F
1123 3935 1260 4001 exhibet

80 4039 285 4122 συνθὲματος;
310 4040 373 4103 XV
396 4038 449 4124 25,
475 4077 500 4116 16
534 4041 680 4106 occurrit
703 4042 847 4129 upobopo3
870 4042 1037 4109 nominum
1060 4042 1095 4107 in
1120 4064 1186 4124 -ιμα
1201 4047 1260 4132 aut

80 4167 158 4228 -υμα
194 4166 279 4212 nom.
314 4147 369 4212 vel
403 4165 471 4213 aec.
507 4148 593 4231 sing.
622 4150 804 4231 exemplum
832 4149 947 4215 inveni
982 4150 1015 4213 X
1050 4147 1109 4233 1,3
1140 4148 1197 4234 (cf.
1222 4151 1258 4214 ll

80 4250 137 4336 16,
152 4252 188 4336 a),
212 4253 308 4333 idque
332 4259 581 4337 paroxytonum,
606 4256 705 4338 κλίμα.

1027 4382 1044 4435 6
