2910 4980
563 413 781 485 ...ξ-35..

90 612 158 681 vim
183 612 345 697 „degendi
369 613 493 680 vitam“
520 615 616 696 plane
641 614 753 696 eodem
776 614 870 680 modo
894 634 933 680 ac
957 613 1082 680 dictum
1105 619 1157 680 est
1180 612 1262 696 Pap.

89 722 195 788 Louv.
228 720 343 807 lm:
381 724 464 796 ὅπως
494 723 534 806 μη
563 721 616 784 ὑπὸ
647 731 706 808 τῆς
746 724 831 804 λίμον
860 723 969 786 haicio)
1004 721 1064 808 (sc.
1093 723 1143 785 τὸν
1169 721 1264 808 βίον);

91 835 126 893 et
149 829 307 893 habemus
332 829 467 911 insuper
491 829 578 893 hunc
601 829 777 894 Plutarchi
799 830 906 894 locum
929 830 1046 894 Moral.
1071 850 1102 911 p.
1128 826 1214 894 1090
1227 831 1265 912 B,

89 935 146 1001 ubi
174 932 314 1018 διεξάγειν
341 936 533 1000 accusativo
563 955 628 1000 non
657 935 770 1000 addito
799 935 943 1017 positum
972 941 1023 1000 est
1046 935 1086 1000 de
1110 935 1265 1001 vivendo.

197 1061 470 1143 κατατολμᾱν,
487 1060 572 1140 quod
584 1063 719 1126 verbum
736 1061 878 1125 antehac
891 1079 955 1126 non
966 1057 1125 1125 usitatum
1141 1061 1212 1125 Pol.
1229 1065 1265 1129 ΙΙ

90 1165 171 1250 13,5
197 1167 334 1233 exhibet
357 1167 418 1232 cod
439 1169 507 1250 A„
531 1167 717 1232 rectissime
738 1172 852 1231 tuetur
873 1156 1265 1233 Buettnerus-Wobstius

89 1274 157 1360 (ed.
180 1275 246 1340 vol.
270 1280 288 1344 Ι
311 1296 343 1357 p.
367 1274 445 1355 XV)
475 1279 599 1363 contra
621 1273 798 1339 lectionem
827 1273 967 1339 alterius
996 1293 1110 1339 manus
1133 1275 1191 1349 Aa
1214 1276 1265 1339 οὐκ

89 1383 238 1464 ἐτόλμων.
284 1382 420 1447 Etenim
436 1386 529 1446 recte
545 1400 580 1445 se
597 1382 720 1446 habere
737 1381 832 1445 verbi
857 1380 1030 1462 compositi
1054 1382 1263 1466 scripturam,
1304 1445 1306 1448 ,

89 1489 175 1554 satis
200 1490 361 1571 probatur
387 1505 453 1554 non
478 1490 582 1554 solum
605 1485 681 1552 aliis
705 1488 839 1569 Polybii
863 1488 963 1570 locis,
996 1488 1053 1552 sed
1077 1489 1179 1554 etiam
1202 1490 1264 1555 hoc

88 1596 280 1662 testimonio
303 1596 422 1678 papyri
438 1595 543 1662 Louv.
560 1592 614 1677 26,
632 1631 657 1669 19
680 1594 929 1660 accuratissime
952 1595 1043 1659 illius
1068 1595 1264 1677 conscripti:

88 1709 150 1765 τῶν
183 1703 259 1789 πρὸς
298 1711 363 1775 τοῖς
396 1711 556 1790 perpropere
592 1704 776 1785 τεταγμένων
812 1703 1116 1785 κατατετολμηκοτων
1146 1750 1153 1764 .
1184 1750 1191 1765 .
1220 1702 1262 1767 cf.

88 1811 192 1875 etiam
215 1811 320 1875 Mace.
345 1815 380 1879 Π
405 1809 435 1893 3,
460 1846 496 1883 «24.

196 1919 362 2004 πρώτως
382 1914 604 2003 Ἀριστοτέλης
626 1916 673 1978 καὶ
697 1915 869 2003 Χρύσιππος
892 1918 978 1998 λέγει’
1004 1917 1063 1978 ἔστι
1080 1915 1111 1978 δὲ
1127 1917 1263 2004 διεφθαρ-

88 2027 176 2106 μένον
198 2030 272 2086 πάνυ
296 2025 432 2106 τοῦνομα·
466 2025 533 2106 λεήε
558 2022 607 2084 οὖν
630 2029 764 2109 πρῶτον,
797 2024 879 2088 haec
911 2023 1124 2106 Phrynichus
1155 2023 1263 2108 docet,

86 2131 141 2196 cui
165 2131 287 2214 optimo
312 2131 383 2196 iure
400 2130 583 2196 assentitur
600 2130 807 2196 Rutherford
829 2152 860 2213 p.
878 2128 959 2196 366:
984 2150 1021 2196 as
1041 2151 1061 2196 a
1082 2136 1204 2197 matter
1229 2131 1266 2198 of

86 2237 168 2320 fact,
192 2239 274 2319 they
299 2237 339 2303 do
363 2243 423 2303 not
447 2237 535 2301 exist
558 2242 594 2301 at
617 2237 662 2302 all
685 2236 800 2302 before
816 2221 998 2303 Aristoties
1022 2238 1112 2303 time.
1151 2238 1263 2304 Aliter

85 2343 247 2409 videlicet
278 2344 497 2409 iudicabimus
529 2344 569 2408 de
602 2362 752 2409 sermone
784 2345 956 2410 communi.
1003 2345 1144 2428 Legitur
1175 2346 1261 2435 enim

86 2452 262 2533 repudiata
292 2452 350 2516 illa
383 2450 535 2516 adverbii
566 2451 672 2517 forma
703 2451 738 2516 in
768 2452 902 2517 decreto
927 2453 1159 2518 Prienensium
1182 2458 1260 2517 ante

85 2559 308 2625 Romanorum
338 2565 488 2640 tempora
521 2565 658 2624 exarato
682 2559 821 2641 Ephem.
847 2557 932 2626 1886
956 2581 987 2642 μ,
1005 2558 1068 2626 221
1094 2580 1140 2641 sq.
1165 2561 1195 2625 A
1219 2584 1261 2644 123

85 2666 122 2731 in
147 2685 220 2748 pap.
244 2666 350 2731 Louv.
375 2663 427 2749 63,
451 2702 488 2740 131
514 2667 561 2746 (II
584 2668 683 2746 saec.)
718 2670 829 2731 exstat
864 2666 909 2729 ἐπὶ
932 2667 996 2752 την
1010 2669 1139 2754 πμωτως
1162 2689 1261 2755 παριο-

85 2775 227 2857 ταμένην,
250 2772 355 2854 neque
379 2773 489 2837 aliena
514 2777 587 2837 erat
610 2775 651 2838 ab
676 2773 861 2855 Hipparchi
886 2792 1035 2840 sermone
1060 2774 1113 2855 (of.
1136 2796 1166 2856 p.
1185 2772 1260 2856 127)

89 2880 142 2961 (de
172 2899 233 2945 usu
261 2879 482 2962 posteriorum
513 2879 555 2944 cf.
587 2880 669 2946 Lob.
700 2881 827 2962 Phryn.
858 2902 889 2963 p.
921 2877 1008 2962 312).
1055 2886 1172 2962 Itaque
1196 2901 1260 2947 non

87 2987 278 3054 mutandum
302 2994 376 3053 erat
398 2987 470 3053 Pol.
495 2988 537 3070 X,
563 2984 645 3070 11,ss
669 2995 734 3060 τοῖς
757 2989 887 3075 πρώτως
913 2987 1050 3070 ἀναβᾶσιν
1073 2988 1107 3052 in
1126 3026 1166 3033 —-
1183 2989 1261 3075 πρω-

87 3117 154 3167 τας
179 3133 230 3178 -,
254 3094 338 3175 quod
361 3093 558 3159 Hultschius
582 3095 719 3177 recepit.
848 3166 850 3170 ,

197 3200 534 3282 Conferantur‘porro
552 3201 618 3266 alia
635 3201 794 3267 adverbia
810 3201 944 3283 Polybii
965 3200 1035 3266 fere
1058 3201 1261 3284 temporibus

88 3297 231 3375 novata:
271 3303 404 3396 ῥητῶς
436 3311 505 3390 (pro
536 3303 694 3394 διαῤῥηδην
724 3308 942 3389 Atticorum:
973 3310 1045 3374 Pol.
1082 3313 1137 3377 ΙΙΙ
1164 3305 1261 3392 21‚4;

89 3413 142 3499 23,
158 3450 181 3498 5,
201 3415 293 3481 XXI
318 3414 348 3499 3,
364 3450 386 3498 5,
416 3416 450 3480 O.
468 3415 500 3481 J.
519 3415 558 3480 G.
590 3414 664 3479 add.
697 3412 825 3498 256111,
853 3451 878 3489 7⁶
905 3421 939 3480 et
970 3452 996 3490 m
1031 3416 1260 3499 (PariorumP),

88 3521 175 3587 Ditt.
200 3520 315 3606 essa
340 3522 513 3605 (rendam),
547 3523 628 3603 Pap.
653 3522 758 3588 Louv.
784 3519 892 3606 63262,
925 3523 1097 3604 Hipparch
1129 3544 1160 3604 p.
1187 3521 1261 3589 108.

196 3629 414 3715 ἐπισήμως,
440 3629 524 3709 quod
548 3629 649 3695 solius
667 3647 739 3693 esse
755 3629 889 3711 Polybii
904 3630 1023 3694 Keelk.
1048 3650 1078 3710 p.
1103 3626 1167 3696 298
1192 3649 1261 3715 cre·

88 3735 193 3819 didit,
226 3736 397 3802 invenitur
426 3741 600 3818 praeterea
624 3756 689 3802 non
714 3737 817 3802 solum
841 3737 876 3800 in
900 3737 1057 3819 Septuag.
1080 3738 1136 3801 Ps.
1161 3735 1214 3821 73,
1230 3773 1260 3821 ⁶,
1305 3727 1307 3731 ’

88 3843 147 3908 sed
180 3843 280 3908 etiam
312 3843 346 3908 in
377 3843 432 3908 tit.
461 3843 509 3908 Le
533 3845 599 3908 Bas
623 3848 659 3911 Π
683 3840 790 3927 3521,
811 3880 836 3918 1⁶
869 3842 921 3924 (61
946 3864 976 3908 a.
1001 3845 1059 3908 Ch.
1091 3844 1261 3925 Mantiny:

88 3952 165 4034 ἄηειν
182 3951 235 4013 τάν
251 3952 366 4033 πομπὰν
387 3951 550 4032 ἐπναάμως,
575 3969 711 4030 quocum
728 3950 771 4016 cf.
788 3951 921 4032 Polybii
938 3951 1037 4016 illud:
1061 3952 1119 4023 τὰς
1142 3953 1262 4034 πομπάς

88 4058 242 4143 ἐπισήμως
265 4059 456 4140 πομπεύουσιν
480 4058 528 4122 VI
553 4056 605 4141 39,
621 4094 644 4133 9.
1049 4046 1053 4054 ⁵

195 4166 456 4248 καθηκόντως
493 4164 618 4231 Pol.V
649 4163 683 4247 9,
703 4188 732 4247 ⁶3
764 4166 799 4229 C.
829 4165 862 4230 J.
887 4165 927 4230 G.
960 4163 1046 4230 4697
1081 4166 1262 4248 (Aegypt),

89 4273 174 4342 Bull.
199 4271 281 4338 XIV
305 4293 336 4354 p.
361 4270 445 4355 eu.
470 4271 726 4354 (Halicarnassi,
751 4272 844 4336 Rom.
868 4274 958 4352 aet).
985 4311 1024 4317 —

1014 4396 1049 4450 311
