2910 4980
555 421 773 502 -μμ

74 632 156 715 sim,
181 631 280 696 facile
304 637 415 714 potest
439 632 608 716 intellegi,
632 638 749 698 contra
770 634 825 715 qui
843 632 966 699 factum
983 634 1028 700 sit
1044 627 1246 716 temporibus

73 740 141 804 illis
165 742 272 823 equeb
296 758 336 804 ex
360 741 479 823 σημαία,
503 740 561 805 vix
585 740 711 822 poterit
735 741 818 806 satis
843 741 1048 822 comprobari
1058 742 1089 824 *)
1113 741 1180 807 nisi
1204 742 1245 826 ei,

73 847 223 927 quicum
247 846 423 912 Hultsobio
449 847 614 931 opinatur,
639 846 779 913 formam
804 849 919 932 σημεὶα,
944 848 1128 930 ubicunque
1152 848 1245 915 inid-

72 954 195 1037 niatur,
221 955 262 1018 ad
285 954 536 1020 similitudinem
567 955 660 1020 vocis
691 963 810 1038 σημεῖον
843 956 1058 1038 depravatam
1089 975 1161 1021 esse
1186 977 1244 1038 pro

72 1061 215 1144 genuino
245 1064 365 1145 σημαία.
418 1061 647 1127 Infirmissimo
678 1067 788 1127 autem
821 1062 1034 1128 fundamento
1062 1063 1127 1128 niti
1159 1065 1245 1128 hanc

72 1168 290 1251 sententiam,
326 1168 391 1232 iam
425 1168 502 1233 inde
535 1169 659 1253 elucet,
695 1169 780 1249 quod
809 1188 938 1251 semper
961 1170 1032 1235 fere
1056 1170 1090 1234 in
1112 1169 1245 1251 optimis

72 1274 240 1340 codicibus
269 1280 382 1340 exstat
415 1277 522 1359 σημεῖα
551 1276 726 1356 eademque
757 1276 862 1342 forma
891 1276 1016 1342 duobus
1040 1276 1186 1342 occurrit
1208 1277 1244 1342 in

70 1382 192 1465 titulis,
217 1383 318 1446 semel
342 1382 377 1447 in
401 1382 548 1466 papyrio,
573 1383 631 1448 sed
655 1386 766 1467 σημαία
789 1402 893 1464 neque
917 1383 952 1449 in
969 1383 1243 1466 inscriptionibus

69 1509 175 1570 neque
197 1490 232 1554 in
256 1490 393 1571 papyris
417 1490 524 1554 adhuc
549 1495 601 1555 θεῖ
624 1497 803 1574 repertum,
832 1510 898 1556 non
923 1496 974 1556 θεῖ
997 1491 1064 1556 nisi
1088 1491 1243 1556 inlibris

70 1596 262 1689 quibusdam
285 1596 521 1678 manuscriptis
546 1597 652 1677 iisque
682 1618 835 1681 magnam
858 1603 986 1679 partem
1010 1598 1242 1664 deterioribus

176 1704 241 1768 Sed
265 1705 422 1784 quomodo
448 1709 555 1769 ortum
578 1724 650 1769 esse
675 1705 856 1770 iudicemus
880 1705 961 1770 illud
985 1708 1122 1788 σημαίαὲ
1156 1706 1242 1771 Sane

69 1811 99 1876 si
121 1812 304 1876 Zacherum
328 1830 509 1894 sequemur,
533 1811 688 1895 dicemus,
713 1812 917 1894 temporibus
940 1812 998 1896 eiS,
1024 1813 1140 1894 quibus
1163 1832 1241 1878 eun·

69 1919 141 1983 dem
174 1920 342 1984 habebant
372 1938 485 1983 sonum
518 1920 547 1984 E
579 1925 613 1984 et
644 1919 708 2002 Al,
744 1921 993 2001 pronuntiatum
1024 1939 1096 1985 esse
1127 1923 1241 2004 σημὲα;

68 2027 180 2107 itaque
204 2045 437 2108 saepenumero
461 2027 633 2110 accidisse,
657 2033 695 2091 1ῖ
720 2029 888 2109 η10011100α
914 2028 1093 2093 redderent
1109 2028 1240 2093 librarii

67 2134 194 2199 litteris
213 2132 390 2231 1ΣΗΜΑΙΑ.
436 2135 484 2199 At
508 2138 643 2200 obstant
672 2135 847 2219 nonnulla,
879 2134 1049 2216 quominus
1073 2135 1240 2201 assentiar

67 2241 146 2306 huic
178 2241 377 2307 sententiae.
435 2241 582 2307 Primum
617 2241 704 2306 enim
734 2260 918 2322 nusquam
947 2242 1137 2324 scriptum
1170 2249 1239 2309 θεῖ

67 2349 319 2431 posteriore
355 2354 497 2414 aetate
527 2352 646 2433 σημέα
680 2348 758 2435 (101
791 2347 930 2435 σημήα)
963 2349 1095 2435 (contra
1128 2355 1239 2415 exstat

63 2457 137 2521 Pol.
168 2456 231 2540 Vl,
261 2454 341 2539 41,ss
372 2456 406 2520 in
435 2456 505 2521 cod.
535 2456 563 2520 F
588 2455 726 2541 σημ111);
758 2462 856 2536 atque
887 2457 922 2520 in
949 2457 1139 2522 universum
1163 2463 1239 2539 post

63 2582 152 2628 saec.
176 2562 248 2628 fere
269 2563 286 2626 I
310 2583 341 2644 p.
366 2563 425 2627 Oh.
456 2583 521 2628 non
554 2562 620 2627 iam
652 2563 796 2645 positum
826 2581 898 2628 θεεθ
929 2586 978 2625 -εα
1008 2564 1063 2628 101
1094 2585 1149 2647 -qu
1178 2584 1237 2645 pro

63 2673 133 2746 -εία,
157 2676 303 2735 testatur
326 2670 516 2736 Μο1εῖο111.ρ
538 2691 569 2753 p.
594 2668 647 2754 38,
662 2706 695 2756 22,
710 2706 735 2744 23
760 2669 846 2755 (cum
870 2671 944 2735 adn.
970 2667 1044 2754 308,
1070 2670 1112 2735 cf.
1137 2671 1237 2736 etiam

62 2799 95 2860 p.
113 2776 165 2860 35,
184 2776 233 2863 14).
280 2777 408 2842 Deinde
430 2797 597 2861 nusquam,
615 2783 772 2867 quantum
785 2777 864 2861 scio,
881 2783 1016 2843 exstant
1029 2779 1236 2860 corruptelae

62 2885 196 2960 ἀτέλαια,
230 2885 331 2972 ἱέμαια,
364 2884 454 2967 sim,
490 2904 569 2964 quas
598 2862 697 2949 100οε
728 2884 870 2949 subiisse
904 2890 1160 2950 consentaneum
1183 2890 1237 2950 est

62 2992 137 3058 soni
167 2992 383 3058 mutationem
414 2993 550 3057 eandem
582 3011 620 3056 ac
652 2994 767 3075 σημαία.
815 2992 1025 3075 Quapropter
1055 2998 1135 3057 tunc
1164 3011 1234 3058 cum

61 3099 150 3164 idem
180 3118 298 3164 sonare
330 3104 509 3193 coeperunt
531 3099 580 3164 Al
610 3099 697 3164 etE
727 3098 827 3184 (saec.
852 3098 931 3164 ,fere
963 3100 999 3163 ll
1023 3120 1055 3181 p.
1080 3097 1164 3184 Cb),
1200 3099 1235 3165 in

61 3207 222 3273 uocabulo
251 3209 357 3290 σημαία
387 3206 474 3271 sicut
505 3206 626 3271 ceteris
658 3206 692 3270 in
721 3206 857 3271 vocibus
888 3206 923 3270 in
954 3209 1012 3268 -eiu
1041 3206 1234 3272 cadentibus

61 3313 97 3378 in
127 3313 145 3376 Ι
173 3313 348 3378 transiisse
378 3313 475 3378 credo
505 3332 619 3378 sonum
646 3313 835 3378 litterarum
859 3313 918 3378 ill.
965 3314 1057 3397 Ergo
1081 3331 1099 3378 e
1129 3313 1234 3379 forma

62 3423 178 3504 σημεία,
210 3421 245 3485 ni
269 3420 377 3504 fallor,
410 3441 476 3486 non
509 3426 561 3486 θεῖ
596 3427 704 3486 ortum
737 3420 819 3485 illud
850 3423 970 3504 σημαία.

170 3527 259 3610 Quae
276 3528 305 3592 si
321 3527 370 3593 ita
387 3534 473 3611 sunt,
499 3528 546 3592 nil
563 3527 653 3593 aliud
669 3527 868 3608 relinquitur
892 3528 968 3612 nisi,
992 3534 1030 3593 ut
1053 3529 1233 3612 credamus,

61 3633 156 3698 iuxta
184 3652 298 3699 vocem
314 3653 372 3716 per
396 3635 445 3699 ΕΙ
469 3634 628 3715 scriptam
652 3634 823 3699 exstitisse
846 3635 1039 3700 vocabulum
1063 3653 1105 3700 ex
1121 3635 1233 3700 eadem

62 3740 168 3821 stirpe
193 3741 304 3805 suffixi
335 3764 393 3803 -αιο
418 3760 478 3823 ope
509 3740 684 3806 formatum
717 3746 752 3805 et
783 3741 968 3823 praeditum
992 3741 1105 3806 eadem
1128 3741 1232 3827 ui**).

62 3848 204 3913 Confero
240 3855 349 3914 autem
385 3847 539 3914 suffixum
573 3871 652 3926 -ιειο,
688 3837 726 3912 ut
760 3868 859 3930 supra
890 3848 1050 3932 uidimuS,
1090 3849 1232 3931 positum

61 4008 272 4019 m.-

143 4134 145 4138 ’
168 4117 194 4184 a,
214 4117 248 4170 cf.
272 4117 355 4172 etiam
380 4134 450 4184 quae
479 4121 555 4172 recte
584 4122 696 4172 exstant
723 4117 752 4171 in
776 4118 868 4171 eodem
891 4133 997 4185 papyro
1021 4114 1072 4177 καί.
1098 4115 1228 4188 μάχαιραν,

63 4199 223 4276 Πτολεμαῖον,
245 4203 336 4266 ἐλαίου,
356 4223 478 4261 necnon
498 4203 639 4277 Πτολεμαῒς
658 4224 683 4261 1.
703 4207 745 4260 19.
764 4236 799 4244 -

149 4295 193 4363 ll)
213 4296 330 4350 fortasse
350 4297 433 4350 etiam
453 4296 526 4350 uocis
545 4301 614 4368 σῆμα
633 4296 782 4351 similitudo
807 4296 898 4364 aliquo
917 4298 994 4351 modo
1013 4297 1066 4351 huc
1084 4296 1230 4365 pertinuit.
