2910 4980
612 414 830 483 ,58-

133 616 264 702 πόρευμα
287 643 329 668 =
354 616 455 702 πορεία
477 614 558 679 Eur.
582 614 656 696 Iph.
681 614 722 679 A.
747 610 848 678 300*.

50 748 52 753 ·
134 723 275 808 πύργωμα
291 750 332 775 =
350 722 460 808 πόρηυς
478 721 598 788 Aesch.
616 722 690 804 Sep.
707 718 750 787 30
766 721 799 787 al
816 759 856 766 —
874 739 922 786 or.
939 739 991 802 ap.
1007 719 1131 785 Herod.
1147 723 1217 789 VII
1234 715 1311 784 140.

135 828 315 915 στεφάνωμα
338 857 379 883 =
405 832 554 915 στέφανος
577 829 676 912 Soph.
700 829 780 894 Ant.
806 825 870 893 122
879 827 907 910 *,
931 845 1030 909 saepe
1053 845 1105 908 ap.
1130 830 1219 908 poet.

135 939 229 1024 τέρμα
254 965 295 989 =
320 937 446 1020 τελευτή
471 936 513 1001 cf.
537 936 640 1002 Roth.
664 935 787 1002 introd.
812 955 843 1017 p.
868 932 922 1000 26.

136 1045 285 1131 ρόίνασμα
308 1043 348 1107 de
371 1043 452 1109 solis
476 1063 604 1128 occasu,
628 1045 749 1110 Aesoh.
772 1045 866 1109 Pers
891 1040 966 1109 232.

136 1151 264 1236 φώνημα
289 1178 329 1203 ==
354 1153 439 1236 ραυνη
464 1150 563 1232 Soph.
587 1150 642 1217 Αἰ.
667 1148 709 1215 16
734 1189 774 1198 -
798 1150 888 1215 Plut.
912 1150 996 1215 Mor.
1020 1170 1051 1233 p.
1076 1146 1140 1214 775
1164 1149 1204 1214 B.
1229 1150 1275 1215 al.

135 1263 234 1345 χάρμα
258 1286 300 1311 =
324 1263 402 1344 χαρά
425 1276 490 1322 vox
514 1262 684 1339 poetarum
708 1257 852 1340 propria.
1109 1271 1113 1274 '

136 1364 266 1451 χλίδημα
290 1393 331 1419 =
356 1363 442 1450 χλιδη
467 1365 507 1429 de
531 1365 636 1430 vestis
660 1365 738 1430 luxu
762 1363 842 1429 dict.
867 1365 947 1430 ldur.
972 1365 1045 1447 lph.
1069 1366 1110 1429 A.
1136 1361 1189 1429 74.

243 1490 307 1555 Sed
324 1489 379 1571 qui
395 1490 519 1556 factum
536 1494 598 1573 est,
621 1494 659 1555 ut
675 1489 788 1555 eadem
804 1490 965 1555 sermonis
988 1489 1175 1572 proprietas
1198 1494 1313 1555 exstet

136 1597 171 1661 in
202 1597 405 1679 tragicorum
437 1597 576 1681 fabulis,
608 1595 720 1661 eadem
750 1596 785 1660 in
816 1614 965 1661 sermone
993 1595 1180 1662 communi?
1226 1595 1313 1661 Res·

137 1722 273 1785 ponsum
297 1704 411 1769 statim
435 1702 588 1787 feremus,
612 1703 641 1768 si
666 1702 985 1768 consideraverimus
1008 1703 1108 1768 hasce
1131 1702 1214 1768 duas
1239 1721 1313 1767 res:

184 1827 216 1914 1)
244 1828 413 1894 Herodoto
429 1828 529 1894 etiam
544 1833 580 1894 et
592 1827 791 1910 Hippocrati
815 1828 916 1893 multo
934 1827 1040 1911 magis
1064 1846 1158 1908 quam
1182 1827 1314 1893 Atticis
1336 1865 1339 1870 -

244 1935 462 2017 scriptoribus
500 1934 534 2000 in
572 1934 701 2000 deliciis
739 1933 843 2000 fuisse
879 1933 1014 2001 videtur
1049 1953 1127 1999 usus
1169 1934 1314 2001 suffixae

243 2043 389 2125 syllabae
413 2065 468 2125 -μα
481 2042 523 2128 *).
736 2121 739 2126 ¹

180 2164 215 2253 2)
242 2167 326 2232 satis
367 2172 510 2252 constat,
554 2168 759 2251 tragicorum
795 2167 981 2233 fabularum
1017 2166 1168 2233 diverbia
1206 2169 1314 2234 multa

244 2274 400 2341 exhibere
415 2275 506 2341 Iadis
529 2274 675 2358 vestigia
700 2275 897 2358 praesertim
921 2275 956 2340 in
979 2276 1155 2341 verborum
1178 2274 1314 2341 delectu

244 2381 301 2466 (cf.
333 2401 415 2463 quae
439 2382 597 2448 disseruit
621 2383 660 2449 G.
684 2382 891 2448 Rutheriord
918 2382 954 2448 in
978 2381 1081 2465 praef.
1107 2383 1156 2447 ed.
1181 2382 1313 2466 Phryn.

243 2489 283 2555 de
320 2490 452 2573 growth
490 2489 527 2556 of
560 2490 618 2555 the
652 2489 748 2556 Attio
771 2489 905 2555 Dialect
934 2495 968 2555 et
998 2509 1080 2570 quae
1109 2489 1237 2555 rectius
1272 2491 1313 2556 de

186 2602 188 2609 '
245 2595 357 2661 eadem
386 2615 422 2661 re
456 2597 607 2679 exposita
635 2602 713 2662 sunt
736 2598 822 2679 apud
846 2596 979 2662 Wilam.
1016 2595 1138 2662 Philol.
1172 2597 1312 2664 Unters.

244 2703 310 2768 VII
334 2723 364 2785 p.
389 2701 454 2768 310
477 2703 552 2786 sq.).

245 2828 384 2895 Licetne
399 2829 504 2912 igitur
518 2830 699 2913 credamus
715 2829 827 2895 ladem
842 2829 945 2894 fnisse
960 2847 1159 2895 communem
1173 2828 1313 2913 fontem,

245 3115 272 3182 l)
290 3117 430 3185 nonnulle,
449 3119 523 3184 quoe
538 3117 591 3169 huc
617 3120 753 3184 spectant,
779 3115 904 3184 exemplo
929 3132 1013 3184 snpra
1032 3115 1124 3169 attuli.
1161 3117 1221 3169 Iam
1242 3117 1314 3172 satis

139 3205 233 3272 habco,
253 3205 353 3259 addere
372 3206 422 3259 hoc
440 3206 505 3273 loco,
526 3204 640 3273 Polybio
657 3221 718 3259 oum
731 3204 899 3273 Hippocrate
912 3204 1065 3258 communie
1077 3204 1164 3258 fnisse
1177 3189 1333 3261 vocebnla'

142 3289 271 3364 βοήθημα,
293 3291 424 3364 ἐπινόημα,
444 3291 569 3364 κύρτωμα,
589 3290 686 3364 πτύσμα
705 3295 748 3359 (=
767 3291 890 3359 πτόελυν),
911 3290 1062 3364 σύστρεμμα.
1101 3294 1231 3349 Ceterum
1253 3296 1314 3364 qui·

140 3399 248 3452 cunque
266 3384 442 3439 mediocriter
460 3389 570 3438 tentum
589 3389 717 3438 versatus
736 3389 780 3439 est
805 3385 834 3439 in
852 3382 1030 3453 Hippocratis
1048 3383 1135 3452 libris,
1161 3383 1190 3438 in
1210 3401 1314 3456 magno

140 3489 253 3526 numero
278 3473 417 3527 nominum
441 3473 470 3528 in
496 3491 541 3544 -μα
566 3491 595 3528 se
621 3473 767 3528 offendisse
793 3475 931 3528 concedet.
968 3473 1047 3527 Dixit
1065 3472 1261 3543 Hippocrates,
1280 3480 1315 3530 ut

140 3565 195 3618 elio
218 3563 351 3632 omittam,
376 3579 484 3632 semper
507 3564 566 3617 iere
588 3561 687 3634 νόσημα
710 3561 849 3634 (νόσευμα),
874 3580 937 3618 rero
959 3560 1033 3622 νόσος
1056 3562 1174 3630 (νυῡσυς);
1199 3559 1315 3635 όδόνημα

140 3671 189 3724 pro
209 3651 300 3725 όδόνη;
319 3652 438 3725 τρόρημα
457 3671 506 3723 pro
524 3654 619 3725 τρυρη;
637 3653 751 3725 κόνραυμα
763 3670 813 3723 pro
825 3651 957 3724 κυνφότηςς
976 3657 1054 3724 πῆμα,
1075 3653 1147 3721 quod
1160 3654 1314 3709 secundum

139 3745 192 3798 lex.
212 3744 337 3798 crederes
356 3759 409 3797 non
427 3743 513 3798 fuisse
532 3742 587 3796 nisi
605 3748 748 3811 poctarum
767 3743 917 3811 proprium,
939 3742 1045 3812 legitur
1063 3741 1193 3810 Hippocr.
1212 3760 1240 3812 p.
1260 3743 1315 3798 272

140 3829 153 3884 ὁ
185 3829 212 3884 δὲ
243 3829 380 3904 ἐγκέφαλος
404 3838 475 3905 πημα
504 3828 572 3903 ἴσχεν
603 3832 662 3901 (qui
692 3833 824 3888 Herodoti
861 3831 1016 3888 efferuntur
1049 3831 1109 3899 loci,
1136 3848 1170 3885 ex
1202 3833 1315 3887 oraculo

141 3927 207 3977 sunt
225 3922 340 3991 repetiti
358 3922 393 3976 of.
412 3925 435 3991 Ι,
454 3922 508 3990 68).
545 3922 711 3977 Conferetur
730 3922 814 3977 etiem
834 3922 879 3977 tit.
899 3922 988 3990 Ceius,
1008 3921 1056 3990 qui
1074 3921 1186 3977 Jonices
1199 3921 1315 3976 exhibet

140 4013 250 4080 formes,
269 4013 342 4067 Diti.
360 4013 427 4067 468:
447 4031 473 4067 v.
492 4013 510 4067 8
528 4014 564 4067 cl.
583 4017 659 4084 σῆμα.
687 4029 748 4066 cum
767 4012 922 4066 Atticorum
941 4011 1028 4066 inerit
1054 4011 1156 4081 σημεῖον
1182 4010 1226 4076 (de
1246 4027 1314 4066 voce

140 4107 209 4174 υημα
227 4120 271 4171 ap.
290 4104 398 4158 Platon.
417 4103 498 4158 obvie
516 4103 550 4157 cf.
570 4102 644 4157 Astii
661 4101 789 4168 indicem)
815 4118 841 4156 v.
860 4101 894 4155 22
912 4098 1072 4168 καλλόσματα
1097 4100 1314 4170 (purgamenta),

141 4208 167 4246 v.
187 4191 204 4247 3
223 4196 326 4264 στρῶμα
345 4193 466 4263 (saepius
485 4210 528 4262 cp.
548 4192 657 4248 Atticos
676 4191 813 4264 στρωμνή),
837 4190 901 4246 ibid.
929 4187 1026 4261 ἔνδυμα,
1048 4186 1175 4261 ἐπίβλημα
1194 4185 1312 4261 (ἐπιβυλη

141 4282 309 4352 αμ.Τ11υυ.).
