2910 4980
678 453 873 520 ..1-

190 650 284 716 vario
309 650 564 731 uniuscuiusque
587 652 777 716 litterarum
799 651 910 716 studio
927 651 1132 731 arbitrioque
1148 657 1216 716 tum
1233 652 1362 732 quidem

191 757 292 821 certis
324 756 453 840 legibus
483 757 708 840 grammaticis
739 757 846 821 minus
876 759 1027 823 obnoxio.
1074 758 1163 840 Quae
1193 759 1362 823 sententia

190 883 328 944 quonam
352 865 445 945 quasi
461 865 674 930 fundamento
691 865 829 948 nitatur,
855 884 927 930 cum
950 884 1009 947 per
1033 885 1067 929 se
1091 866 1198 930 minus
1222 867 1361 949 eluceat,

191 971 292 1036 certis
313 972 425 1037 verbis
449 975 490 1037 ab
514 973 585 1054 ipso
602 973 810 1038 Bernhardio
835 974 1039 1056 declaratum
1064 974 1147 1038 dicit
1171 974 1257 1038 enim
1281 994 1312 1039 v.
1330 975 1361 1038 d.

189 1098 220 1159 p.
238 1077 318 1144 514:
342 1082 420 1144 Man
444 1099 532 1145 muss
556 1100 623 1145 nun
647 1065 721 1144 hier
745 1080 817 1144 sich
840 1081 1177 1164 vergegenwartigen
1203 1133 1261 1145 ...
1285 1081 1361 1144 dass

191 1237 223 1250 ..
249 1187 372 1253 damals
394 1189 457 1253 alle
473 1189 786 1271 Voraussetzungen
811 1189 904 1253 einer
928 1189 1198 1270 Schriftsprache
1222 1189 1361 1253 fehlten.

188 1293 345 1359 Videmus
376 1295 498 1378 igitur,
530 1296 707 1360 secundum
738 1295 981 1360 Bernhardium
1018 1296 1157 1377 etiam*)
1193 1295 1361 1377 scriptori,

188 1401 295 1481 qualis
318 1406 391 1467 erat
414 1403 584 1485 Polybius,
614 1420 685 1466 cum
710 1402 839 1467 omnino
864 1421 928 1466 non
952 1408 1085 1483 praesto
1110 1401 1230 1465 fuisset
1253 1402 1360 1486 vivus,

188 1514 225 1572 ut
241 1508 374 1591 dicitur,
392 1509 522 1590 quidam
539 1527 645 1574 sermo
662 1513 729 1573 tam
747 1509 908 1591 copiosus,
933 1514 1000 1573 tam
1016 1508 1149 1592 politus,
1174 1514 1242 1572 tam
1259 1510 1361 1574 111111

189 1615 315 1697 regulis
346 1616 523 1700 astrictuS,
555 1617 610 1698 qui
641 1618 739 1698 plane
771 1617 812 1682 ad
844 1617 947 1682 libros
972 1616 1226 1681 conscribendos
1249 1625 1361 1698 posset

92 1716 93 1723 ’
188 1723 242 1788 vel
266 1722 402 1788 deberet
425 1724 593 1808 adhiberi,
629 1724 843 1805 undecunque
878 1724 1077 1804 acquirenda
1112 1724 1215 1788 fuisse
1240 1763 1280 1769 —
1306 1744 1360 1806 pe-

189 1829 323 1914 culiari,
353 1831 541 1913 priusquam
565 1832 606 1897 ad
631 1832 840 1897 scribendum
864 1831 1052 1914 accederet,
1076 1832 1188 1896 labore
1213 1870 1253 1876 —
1279 1851 1360 1912 quae

188 1939 361 2019 explerent
386 1939 532 2023 linguam
549 1945 647 2020 atque
664 1941 865 2023 excolerent,
890 1939 1057 2020 eidemque
1073 1939 1108 2004 in
1125 1944 1197 2004 arte
1221 1939 1360 2003 maxime

179 2047 376 2129 syntactica
400 2048 604 2113 liberrimum
628 2048 731 2112 fuisse
755 2047 940 2113 arbitrium.

294 2153 409 2237 Longe
433 2154 500 2219 alia
524 2173 596 2218 osse
620 2138 794 2237 videntur,
826 2172 907 2233 quae
937 2173 1042 2235 nuper
1066 2154 1195 2234 prolata
1219 2160 1296 2218 sunt
1320 2155 1360 2218 de

187 2259 249 2325 hac
273 2279 310 2325 re
342 2261 474 2326 iudicia.
522 2261 656 2327 Etenim
684 2281 756 2327 cum
783 2261 848 2326 iam
876 2261 1102 2326 Bernhardius
1132 2262 1360 2344 concessisset,

188 2385 387 2434 communem
418 2369 521 2435 fuisse
553 2370 701 2436 omnibus
736 2377 843 2442 κοινοῖς
879 2374 1004 2434 certam
1037 2370 1198 2450 quandam
1234 2369 1360 2450 copiam

188 2494 347 2540 novarum
381 2495 498 2542 vocum
530 2482 564 2541 et
590 2482 833 2542 structurarum
865 2496 882 2541 1
912 2476 1124 2559 Macedonia,
1155 2480 1193 2540 ut
1218 2476 1361 2558 putavit,

188 2581 409 2667 oriundarum,
434 2603 567 2665 eamque
591 2589 701 2649 tamen
729 2583 813 2648 satis
830 2583 914 2648 artis
930 2582 1049 2647 finibus
1067 2583 1361 2665 circumscriptam,

144 2742 146 2745 .
187 2707 284 2772 nunc,
309 2689 491 2770 quicunque
514 2691 605 2755 illam
629 2690 855 2771 quaestionem
878 2689 1081 2772 attigerunt,
1105 2690 1211 2772 magis
1235 2689 1361 2754 animos

187 2798 403 2862 attenderunt
427 2799 468 2864 ad
492 2818 561 2864 rem
584 2799 745 2880 quandam
768 2798 961 2880 iampridem
986 2804 1208 2879 perspectam:

293 2904 363 2969 Iam
391 2906 512 2970 abhinc
542 2906 613 2971 fere
645 2906 885 2988 quinquaginta
912 2923 1015 2970 annos
1038 2905 1241 2970 Letrcnnius
1266 2903 1359 2985 (Rec.

187 3009 421 3102 desinscript.
446 3031 605 3094 grecques
630 3018 664 3076 11
688 3012 810 3077 1111111
834 3012 874 3075 de
898 2988 1066 3094 l’ldgypte,
1091 3012 1108 3074 1
1132 3031 1162 3091 p.
1187 3008 1252 3074 244
1276 3011 1359 3090 sqq.)

186 3124 385 3198 exposuerat
433 3119 519 3185 haud
563 3138 684 3202 pauca,
741 3138 823 3199 quae
870 3117 1052 3200 peculiaria
1093 3136 1165 3182 esse
1207 3117 1360 3181 crederes

186 3223 391 3306 Polybianae
426 3230 555 3291 tantum
592 3226 806 3308 elocutionis,
844 3243 1018 3290 occurrere
1053 3225 1153 3289 etiam
1192 3224 1227 3288 in
1259 3223 1358 3288 titulo

185 3329 368 3397 Rosettano
400 3352 484 3397 anno
522 3330 585 3396 196
617 3353 646 3397 a.
675 3333 752 3397 Chr.
783 3337 918 3397 exarato
955 3331 1054 3414 (CIG.
1087 3328 1204 3412 4697),
1236 3330 1359 3395 similia

186 3437 405 3504 adnotaverat
427 3439 476 3504 Le
499 3440 618 3505 Basius
643 3440 756 3523 (inser.
781 3457 939 3521 grecques
961 3444 995 3503 et
1023 3439 1091 3520 lat,
1115 3437 1144 3501 V
1161 3438 1232 3501 cah.
1257 3458 1287 3518 p.
1305 3435 1358 3520 85,

185 3542 228 3610 88
261 3547 322 3629 sq.)
360 3547 402 3612 ad
431 3547 565 3611 titulum
595 3535 888 3628 Adramyttenum,
924 3545 978 3626 111
1008 3563 1095 3609 1111
1130 3549 1241 3608 exstat
1272 3545 1358 3609 ClG.

185 3652 258 3717 add.
292 3649 745 3736 ammaeensibus),
776 3658 811 3717 et
841 3658 916 3733 post
947 3670 1019 3716 eum
1042 3651 1258 3734 Rangabeus,
1289 3659 1357 3715 ant.

291 3973 317 4040 *l
337 3974 390 4028 iam
414 3974 557 4041 hocloco,
582 3973 737 4040 quicunqne
761 3973 828 4026 haec
851 3972 934 4041 legit,
957 3973 1026 4026 bene
1047 3971 1128 4026 velim
1148 3976 1255 4039 teneat,
1275 3971 1357 4025 aliter

184 4080 226 4117 me
250 4064 340 4118 iudice
364 4080 422 4118 rem
447 4080 475 4118 se
499 4065 600 4117 habere
625 4064 698 4131 apud
721 4063 866 4130 Polybium
891 4067 919 4116 et
943 4063 1001 4117 eius
1027 4061 1194 4130 consimiles,
1219 4061 1266 4128 qui
1290 4067 1357 4115 tunc

183 4154 307 4221 fluerunt,
327 4153 409 4207 aliter
429 4153 502 4221 apud
521 4152 681 4221 posterioris
701 4152 802 4205 aetatis
821 4151 977 4220 scriptores,
998 4168 1113 4219 quorum
1128 4167 1263 4218 quemque
1277 4168 1356 4204 sunm

183 4243 291 4296 dicendi
311 4259 398 4312 genus
418 4243 507 4310 ipsum
527 4243 658 4296 conflasse
672 4242 844 4327 notissimum
863 4247 905 4295 cst
919 4242 1069 4296 imitandae
1083 4242 1187 4296 veteris
1201 4241 1356 4310 elegantiae

183 4332 274 4386 studio
294 4333 414 4387 ductum.
