2910 4980
625 449 842 518 ...29-

254 647 365 712 Habes
379 647 465 712 enirn
483 649 583 713 hasce
600 649 723 714 formas
740 654 854 730 aperte
871 649 1021 715 Atticas:
1046 652 1107 724 ἕως
1124 652 1167 734 (ν.
1185 650 1237 736 85,
1256 651 1319 716 199

147 753 189 817 cf.
214 754 296 819 Ahr.
322 753 433 839 (Dor.)
457 755 503 820 II.
528 776 559 837 p.
585 753 681 840 200),
714 758 747 816 ἄν
772 754 884 841 (11.1.
909 755 951 821 25
976 758 1018 840 al,
1044 777 1115 823 oum
1139 760 1215 824 aliis
1238 759 1320 825 loeis

147 866 257 925 exstet
276 867 313 922 κά
329 862 370 926 cf.
389 861 440 945 32,
459 861 511 945 33,
529 860 571 926 36
588 861 646 945 al.)
669 869 790 949 πρῶτος
807 862 877 948 (48)
895 884 953 944 pro
970 875 1083 951 πρᾶτος
1107 866 1164 951 (ef.
1181 866 1319 931 Meister

146 968 192 1032 Π.
209 989 240 1049 p.
254 966 309 1053 83)
327 973 460 1056 γερουσία
477 968 558 1055 (47),
576 971 678 1032 εἴκοσιν
696 968 763 1055 (41,
777 968 829 1054 77,
844 972 911 1055 ul),
928 971 1319 1059 1111111111κατιλοσει(4);

145 1095 244 1158 porro
275 1096 356 1157 qliae
386 1087 489 1163 κοινῆς
523 1078 625 1142 solius
657 1078 791 1159 propria
816 1084 911 1143 saint:
937 1080 1068 1141 ἔστωσαν
1091 1078 1159 1165 (15,
1183 1079 1224 1145 41
1250 1080 1319 1166 al),

145 1183 290 1268 ἐγενήθην
315 1185 361 1270 (V.
387 1183 416 1268 1,
442 1185 484 1249 ef.
510 1191 626 1251 eontra
650 1204 682 1250 V.
708 1183 782 1270 73),
816 1187 949 1268 ἀνάθεμα
974 1186 1020 1272 (v.
1046 1185 1088 1250 88
1112 1194 1146 1252 et
1170 1186 1243 1271 89),
1276 1189 1318 1271 al,

144 1290 185 1354 de
210 1291 325 1372 quibus
350 1292 439 1357 infra
463 1293 620 1376 dieam*).
1302 1320 1305 1335 ·

253 1487 279 1554 1)
300 1505 314 1542 e
334 1490 472 1543 contrario
493 1490 656 1543 resederunt
676 1489 772 1557 etiam,
798 1506 868 1555 quae
887 1494 954 1543 tunc
974 1490 1084 1557 quidem
1105 1491 1188 1545 solius
1207 1493 1320 1561 propria

144 1578 231 1631 fuisse
251 1578 382 1632 videntur
402 1579 514 1632 dialecti
533 1579 693 1632 Messeniae.
732 1579 887 1632 Insolenter
907 1579 979 1632 enim
999 1579 1088 1633 dict—ae
1109 1586 1174 1634 sunt
1194 1581 1318 1635 coniunc-

143 1667 196 1720 tivi
215 1668 318 1721 formae
330 1665 475 1739 προτίθηντι
489 1669 552 1737 (87),
572 1667 643 1739 ἧνται
657 1668 720 1736 (83),
740 1664 965 1738 κατασκευασθηντι
979 1669 1041 1735 (90),
1061 1671 1233 1740 τρογραῖφηντι
1246 1672 1317 1737 (160)

144 1758 188 1822 (cf.
209 1757 241 1810 G.
261 1755 369 1825 Μογιοι·2
389 1759 539 1825 1580111,
559 1760 730 1826 Brugmann,
750 1774 792 1826 gr.
811 1756 872 1811 (11.Ἄ
891 1758 983 1824 §1423
1004 1758 1125 1827 Curtius,
1145 1761 1266 1814 Verbum
1280 1761 1318 1828 II,

142 1865 170 1915 p.
189 1847 243 1913 82).
280 1849 386 1900 Addam
405 1845 528 1899 πωλοῦντι
548 1848 583 1914 (ν.
603 1848 655 1900 100
669 1849 849 1901 antecedente
863 1843 950 1916 ὅπως),
969 1847 998 1901 in
1012 1864 1064 1915 quo
1078 1865 1132 1901 non
1145 1848 1318 1903 offenderunt

143 1936 198 1990 viri
214 1937 293 2004 doct,
313 1942 341 1990 et
360 1935 510 1988 συντελεῖται
530 1937 573 1990 139
594 1938 774 1990 antecedente
794 1933 874 2004 ὅταν),
899 1953 968 2003 quiae
987 1937 1090 1990 formae
1110 1937 1238 1991 videlicet
1258 1956 1317 1992 con-

143 2026 263 2079 iunctivi
282 2043 395 2081 munere
414 2028 527 2080 functae
547 2032 621 2080 sunt.
659 2028 757 2080 Elucet
777 2030 870 2080 autem
889 2027 976 2079 forma
995 2023 1117 2077 πωλοῦντι
1136 2027 1237 2095 optime
1257 2045 1317 2081 con-

89 2142 91 2147 ν
141 2116 247 2169 firmari
272 2132 316 2184 ea,
341 2133 410 2183 quae
434 2119 630 2185 Brugmannus
655 2113 716 2168 Gr.²
740 2133 766 2183 p.
786 2116 820 2169 36
845 2117 906 2168 adu.
931 2115 1062 2169 disseruit
1086 2117 1119 2169 de
1143 2116 1317 2172 coniunctivo

142 2205 253 2272 saepius
282 2206 316 2258 ad
343 2205 488 2259 indicativi
517 2205 724 2266 similitudinem
749 2206 908 2272 depravato.
950 2205 1083 2258 Similiter
1106 2206 1223 2259 fortasse
1248 2206 1317 2260 iudi-

141 2295 265 2348 cabimus
289 2296 322 2348 de
345 2296 432 2349 forma
456 2293 617 2354 συντελεῖται,
648 2295 701 2347 nisi
730 2295 790 2361 quis
815 2312 875 2348 cum
899 2296 1009 2362 Meyero
1034 2295 1090 2360 (Gr.
1116 2299 1130 2357 ἓ
1155 2295 1202 2362 72,
1227 2313 1252 2363 p.
1272 2297 1316 2362 88)

141 2386 254 2438 credere
283 2386 402 2453 mavult,
431 2385 565 2453 prodiisse
594 2401 653 2438 eam
682 2384 765 2438 simili
794 2384 985 2438 attenuatione
1014 2383 1115 2437 vocalis
1144 2400 1161 2454 η
1186 2401 1217 2438 ac
1246 2402 1316 2452 quiae

140 2480 259 2542 apparet
278 2475 307 2527 in
327 2474 496 2528 coniunctivi
519 2475 615 2528 formis
634 2470 708 2524 θέλει
728 2474 763 2540 (ν.
783 2475 824 2541 6),
848 2469 1049 2543 ταρασκεοασθεῖ
1066 2474 1102 2540 (ν.
1123 2472 1166 2538 13)
1188 2474 1315 2528 olfactis
1405 2519 1408 2525 .

141 2581 175 2617 ex
196 2561 273 2633 θέληι
293 2586 324 2608 =
345 2561 412 2633 θέλιγ
434 2565 477 2630 (ο1.
498 2565 592 2632 Meyer
611 2565 629 2616 l.
649 2565 666 2617 l.
686 2581 712 2631 p.
732 2564 785 2628 87).

250 2655 309 2707 Non
329 2654 448 2707 alienum
468 2654 523 2707 erit
542 2653 575 2707 ab
595 2654 644 2706 hoc
664 2655 729 2720 loco,
754 2670 842 2721 pauca
861 2654 993 2706 adnotare
1013 2653 1047 2705 ad
1066 2652 1143 2705 tituli
1163 2653 1269 2706 Audon.
1289 2669 1315 2707 ν.

140 2744 203 2811 116,
222 2743 269 2797 ubi
289 2749 381 2797 exstat
401 2736 543 2814 δαμιοργός.
583 2743 669 2809 Quam
688 2743 803 2796 formam
822 2759 896 2796 more
910 2741 1074 2795 Dorensium
1088 2743 1132 2795 vel
1144 2743 1314 2796 Achaeorum

141 2835 220 2901 (Ahr.
234 2834 256 2900 1,
275 2833 337 2898 234)
358 2850 391 2887 ex
406 2830 576 2903 δαμιοῐεργός
594 2832 695 2887 factam
710 2832 857 2900 plerisque,
878 2831 925 2899 qui
939 2831 1047 2898 Polybii
1066 2832 1123 2884 fere
1143 2835 1236 2884 aetate
1254 2836 1314 2884 ute-

137 2925 243 2977 bantur
262 2923 378 2976 dialecto
399 2922 603 2976 achaeo-dorica
622 2923 650 2974 in
669 2939 721 2975 usu
740 2921 834 2990 firisse,
854 2922 944 2975 elucet
964 2937 997 2974 ex
1016 2921 1063 2989 eis,
1084 2937 1153 2987 quae
1167 2921 1315 2975 Meisterus

139 3013 222 3067 1141
244 3013 394 3082 congessit,
420 3013 551 3080 exemplis
571 3013 697 3080 (similem
717 3011 745 3065 in
770 3013 878 3065 modum
903 3016 993 3065 ortum
1018 3016 1061 3064 est
1085 3007 1219 3080 δαμιεργός
1242 3011 1314 3064 11111.

139 3103 201 3169 195,
216 3122 237 3170 9,
256 3103 350 3170 Nisyri
370 3120 391 3156 c.
411 3103 464 3156 200
483 3120 506 3155 a.
526 3103 593 3168 Ch).

248 3193 319 3259 Quid
339 3182 410 3261 ergo
424 3191 599 3246 iudicandum
620 3196 662 3244 est
682 3192 713 3243 de
733 3191 840 3244 formis:
867 3191 892 3255 1)
913 3186 1076 3259 δαμιουγιγούς
1096 3189 1177 3256 (Ditt.
1199 3189 1260 3256 389,
1280 3207 1314 3256 ce,

138 3282 313 3349 Hermiones,
338 3282 390 3335 inc.
415 3286 477 3349 oet,
502 3281 531 3335 in
555 3281 637 3335 titulo
661 3281 758 3334 mutilo
783 3285 811 3333 et
835 3279 903 3333 satis
927 3280 1109 3347 neglegenter
1133 3278 1295 3346 conscripto)
1307 3298 1313 3344 ;

137 3373 165 3436 2)
187 3367 330 3442 δαμιουργοί
348 3372 429 3439 (Ditt.
449 3372 510 3439 294,
529 3389 563 3439 39,
595 3370 705 3438 Stiride,
725 3369 785 3423 init.
806 3385 875 3423 saec.
888 3369 926 3436 II,
946 3368 992 3422 ubi
1006 3367 1141 3421 haesitavi
1154 3367 1313 3435 paullisper,

138 3551 187 3600 an,
212 3550 272 3587 cum
296 3532 325 3585 in
348 3532 439 3600 lapide
464 3536 555 3585 exstet
579 3455 762 3582 ΔΑΜΙΟΥΡΙΟΙ
787 3528 831 3596 (of.
856 3531 917 3583 adn.
942 3529 976 3582 ad
1000 3529 1072 3581 Bull.
1093 3529 1126 3596 V,
1146 3546 1172 3596 p,
1190 3527 1237 3594 45)
1257 3544 1313 3580 cre-

138 3623 258 3676 dendum
288 3625 373 3688 esset,
403 3622 542 3689 exemplar
571 3620 699 3673 habuisse
729 3614 927 3676 ΔΑΜΙΟΡΓΟΙ,
959 3618 1030 3684 quod
1058 3617 1145 3685 primo
1169 3632 1312 3685 perperam
1344 3665 1346 3669 ,

137 3711 254 3787 legisset
282 3710 400 3779 lapicida
425 3711 632 3777 effinxissetque
666 3708 816 3762 socorditer
849 3707 953 3761 litteris
977 3702 1173 3772 ΔΑΜΙΟΥΡΟΙ,
1207 3705 1313 3772 deinde,

136 3879 171 3928 ut
191 3874 305 3927 verbum
324 3872 434 3939 aliquod
453 3873 596 3938 evaderet,
621 3871 786 3925 reddidisset
804 3870 892 3923 forma
909 3869 957 3921 illa
975 3873 1098 3921 correcta
1116 3790 1312 3931 naulorrroa

137 3968 168 4016 at
188 3962 280 4030 paullo
300 3962 374 4015 infra
393 3966 435 4015 est
455 3962 483 4014 in
504 3962 596 4014 eodem
616 3960 699 4014 titolo
719 3955 932 4030 δαμιοογιγεόντονν
952 3955 1017 4024 (44),
1043 3957 1075 4009 de
1095 3972 1157 4022 quia,
1177 3959 1312 4021 orientum

137 4052 203 4120 scio,
223 4052 350 4105 dubitare
369 4069 423 4105 non
442 4050 531 4117 licet);
550 4050 577 4116 3)
598 4049 754 4120 δαμιοοργοῖς
767 4050 825 4102 Pol.
840 4048 945 4113 XXIII,
965 4047 989 4114 5,
1009 4063 1034 4101 1c
1059 4048 1131 4112 (nam
1146 4061 1182 4093 -α-
1197 4043 1312 4096 Nisseno

136 4147 250 4196 auctore
271 4142 442 4195 scribendum
463 4157 521 4194 esse
540 4142 589 4194 hoo
608 4140 665 4193 loco
684 4156 733 4207 pro
753 4135 911 4208 δημιουργοῖς
935 4152 987 4189 non
1006 4135 1096 4188 minus
1115 4134 1182 4187 mihi
1201 4149 1312 4201 persua-

136 4249 198 4286 sum
218 4236 260 4284 est
281 4248 362 4298 quam
381 4231 518 4284 Kaclkero
538 4248 563 4297 p.
583 4228 648 4295 234,
673 4228 750 4281 cuius
775 4227 898 4293 exemplo
922 4242 948 4292 p.
967 4224 1020 4277 300
1040 4225 1073 4276 ad
1093 4223 1223 4276 tuendam
1242 4223 1311 4275 lianc

135 4321 305 4390 scripturam
330 4322 413 4374 allato
438 4320 534 4374 addam
559 4320 621 4386 hoc,
650 4319 722 4385 qriod
749 4315 860 4370 maioris
884 4313 1015 4368 momenti
1039 4320 1094 4380 est,
1124 4312 1311 4366 testimoniium
