2910 4980
614 433 831 513 -52—

138 641 292 724 (Olpnnpi)
307 646 401 729 φόρος
414 646 584 730 ἀργυρικόςγ
602 643 644 708 ef.
662 644 747 709 Bull.
761 643 843 708 ΧΠ
857 641 932 727 170,
948 681 959 718 7
976 617 1145 731 (αἰργυρικαίς
1159 640 1314 724 ἐπιδόσεις)

137 755 171 813 et
195 750 282 814 Bull.
306 750 356 814 XI
380 747 496 833 307,14
524 751 712 833 (ἐπαγγελίας
735 753 915 838 ἀργυρικὰς).

244 857 397 922 Ceterum
430 857 513 922 satis
551 857 734 923 insolenter
770 859 870 924 etiam
902 859 1025 924 dietum
1057 864 1109 924 est
1140 859 1178 924 C.
1209 858 1245 924 J.
1276 859 1314 925 G.

137 960 275 1046 4697,13
300 965 469 1047 (Aegypt.)
504 965 541 1026 ταὶ
565 963 699 1047 βασιλικαὶ
723 966 909 1052 ὀφειλήματα
937 965 977 1030 de
1005 984 1081 1031 aere
1106 965 1217 1032 alieno
1244 965 1314 1048 regi

138 1070 268 1153 debit03
291 1090 395 1152 neque
419 1071 519 1136 aliter
536 1072 622 1154 apud
638 1072 812 1154 Polybium
836 1073 943 1157 XXV,
969 1070 999 1156 3,
1014 1095 1045 1147 ιε
1069 1074 1218 1160 παρέλυσε
1243 1070 1313 1145 τοὺς

138 1177 168 1259 ἐν
193 1177 268 1262 αὐτῇ
293 1179 331 1262 τῇ
356 1177 522 1263 Μακεδονίᾳ
545 1185 604 1240 τῶν
629 1177 785 1262 βασιλικῶν
810 1181 1030 1267 ὀφειλημάτων.

245 1468 273 1547 o)
309 1465 483 1546 Reliquum
520 1471 581 1549 est,
616 1472 655 1531 ut
690 1472 882 1533 convertam
917 1486 968 1532 me
1003 1467 1044 1532 ad
1079 1469 1314 1533 vocabulorum

137 1573 296 1654 quoddam
329 1590 443 1656 genus
476 1574 560 1653 quod
583 1591 707 1657 ansam,
736 1573 772 1639 ni
801 1574 917 1658 fallor,
948 1574 1043 1641 nobis
1074 1575 1251 1656 praebebit
1274 1575 1313 1640 ad

138 1680 399 1763 cognoscendum
423 1679 565 1763 fontem,
590 1699 607 1744 e
632 1699 693 1760 quo
717 1682 822 1746 multa
846 1700 968 1765 eorum,
1000 1696 1082 1763 quae
1105 1683 1147 1746 ab
1169 1681 1313 1747 Atthide

138 1788 330 1871 abhorrent,
365 1787 534 1853 fluxerunt
569 1787 605 1852 in
640 1806 823 1854 sermonem
858 1808 1068 1855 communem.
1128 1788 1313 1868 Dicendum

138 1893 224 1959 enim
248 1899 301 1958 est
328 1894 372 1959 de
396 1893 634 1978 nominibus,
664 1913 759 1975 quae
789 1895 934 1960 eadunt
957 1893 996 1960 in
1021 1895 1214 1977 syllabam
1239 1919 1313 1978 -μα,

138 2000 228 2082 Quae
253 2001 287 2065 id
311 2020 415 2084 genus
432 2006 567 2067 exstant
584 2001 618 2067 in
634 2002 824 2068 Atticorum
841 2021 939 2085 prosa
955 2001 1106 2068 oratione
1123 2003 1313 2084 plerumque

137 2107 185 2173 ita
209 2109 308 2174 dueta
331 2113 409 2174 sunt
432 2129 451 2174 a
474 2110 604 2193 verbiS,
628 2115 666 2174 ut
689 2109 881 2192 significent
903 2110 955 2194 id,
979 2111 1064 2190 quod
1086 2109 1240 2176 effectum
1264 2116 1315 2176 est

138 2214 249 2297 aliqua
279 2216 429 2300 actione,
461 2218 554 2283 velut
577 2227 695 2305 πρᾶγμα
719 2247 760 2271 =
785 2218 818 2280 τὸ
842 2218 1082 2305 πεπραγμένον.*)
1130 2208 1314 2284 Admodum

136 2341 213 2388 rara
237 2329 314 2389 sunt
337 2325 437 2408 talia,
470 2325 565 2406 quale
588 2330 641 2390 est
670 2326 782 2409 δίωγμα
805 2355 847 2379 =
871 2326 905 2388 τὸ
928 2326 1038 2388 διώκειν
1063 2321 1190 2407 (δίωξις)
1214 2327 1313 2392 Plato

136 2430 237 2496 Polit.
267 2428 391 2515 3103,
424 2437 482 2497 aut
514 2437 628 2517 νόσημα
660 2433 755 2499 iuxta
784 2434 890 2500 forma
922 2436 1012 2506 νόσος
1043 2433 1187 2500 obvium.
1243 2435 1314 2500 Hoo

138 2537 237 2603 etiam
261 2538 460 2623 videbimus,
493 2541 675 2623 scriptores
699 2541 833 2607 Atticos
857 2540 899 2605 iis
924 2559 1048 2621 quoque
1073 2540 1108 2605 in
1131 2543 1251 2625 rebuS,
1280 2540 1315 2606 in

138 2645 253 2724 quibus
271 2644 299 2709 si
312 2646 542 2713 adhibuissent
554 2647 589 2713 in
601 2672 656 2731 -μα
669 2649 789 2714 cadens
802 2667 929 2731 nomen,
946 2667 1011 2713 non
1024 2646 1185 2713 fecissent
1196 2652 1315 2713 eontra

137 2751 269 2818 dioendi
286 2754 376 2819 illam
392 2775 548 2839 normam,
572 2775 667 2836 quam
684 2774 783 2839 supra
800 2755 1062 2838 commemoravi,
1086 2754 1186 2820 aliam
1201 2759 1315 2820 tamen

138 2878 371 2943 saepenumero
387 2863 585 2946 praetulisse
609 2863 756 2929 formam.
802 2863 961 2945 Polybius
983 2867 1109 2945 eontra,
1134 2880 1207 2927 eum
1224 2867 1313 2927 oete·

138 2968 255 3048 roquin
283 2969 461 3034 seeundum
489 2970 680 3035 Atticorum
708 2988 831 3036 morem
862 2971 903 3035 de
934 2969 1057 3035 iudioio
1086 2969 1226 3049 quodam
1254 2974 1314 3034 aut

138 3072 227 3139 facto
252 3080 310 3140 aut
330 3075 484 3142 faciundo
501 3076 629 3142 diceret
644 3079 748 3164 κρίσις,
772 3096 837 3143 uno
853 3082 963 3142 tamen
979 3076 1051 3142 loeo
1076 3074 1210 3156 (XXIII
1228 3073 1259 3158 1,
1274 3078 1312 3158 η)

139 3179 291 3245 adhibuit
321 3181 362 3246 ad
393 3181 643 3265 significandam
676 3184 774 3265 plane
809 3183 945 3248 eandem
977 3201 1046 3248 rem
1076 3184 1163 3269 κρίμα
1196 3200 1314 3247 vooem

139 3288 179 3351 ab
204 3286 344 3352 Atthide
369 3289 613 3356 abhorrentem.

246 3393 315 3459 Neo
337 3395 455 3479 minue,
480 3416 561 3477 quae
585 3416 672 3463 nune
695 3398 871 3481 proferam,
895 3397 1005 3462 aliena
1028 3402 1106 3462 sunt
1130 3398 1170 3462 ab
1193 3395 1314 3462 Attica

139 3499 295 3568 dialecto:

139 3608 283 3696 ἀπόκριμα
306 3609 375 3674 XII
400 3607 513 3694 ‘lem
540 3611 626 3676 idem
649 3612 742 3677 valet
765 3612 849 3692 quod
871 3614 1022 3698 ἀπόκρισις
1045 3610 1245 3676 Atticorum.

139 3717 246 3799 νίκημα
270 3719 340 3799 (pro
364 3719 440 3801 νίκη)
465 3724 518 3783 est
540 3719 557 3783 Ι
582 3716 635 3802 87,
654 3755 688 3802 10,
713 3719 794 3783 XVI
819 3717 871 3802 14,
892 3754 919 3801 5,
944 3717 1103 3802 XXXVI,
1128 3716 1158 3800 2,
1179 3753 1206 3792 3.

140 3823 262 3906 ἕγκλιμα
285 3823 397 3888 multis
425 3825 507 3890 loeis
537 3825 591 3906 (ei.
616 3826 667 3890 IX
691 3824 749 3909 21,
769 3862 797 3909 g,
825 3825 873 3889 IV
895 3822 948 3909 58,
968 3828 996 3906 ⁸)
1025 3829 1218 3906 usurpatum
1243 3829 1314 3908 est,

139 3930 196 3995 ubi
220 3949 261 3994 ex
277 3931 467 3998 Atticorum
491 3933 623 3998 dioendi
646 3952 769 4016 genere
794 3933 1050 4015 exspectandum
1074 3938 1148 3998 erat
1172 3933 1313 4016 ἔγκλισις.

139 4037 273 4122 διήγησις
301 4039 493 4120 saepissime
525 4039 612 4121 apud
635 4040 826 4123 Platonem,
851 4040 1066 4105 Aristotelem
1100 4039 1155 4119 (ef.
1179 4038 1314 4104 Astium

247 4306 273 4371 *l
294 4308 327 4360 ci.
347 4307 553 4360 Bloss-Klihner
573 4307 595 4373 I,
610 4326 630 4375 a,
650 4306 710 4374 272,
730 4327 767 4364 ao:
793 4308 858 4373 „des
877 4306 1014 4375 Ergebnis
1033 4306 1081 4359 der
1099 4305 1276 4376 Handlung“.
