2910 4980
638 1070 748 1154 Vita.

216 1234 296 1299 Otto
321 1234 439 1301 Glaser
469 1239 567 1298 natus
591 1252 661 1298 sum
685 1233 803 1299 Gissae
827 1254 855 1298 a.
880 1233 1010 1298 LXXII
1040 1232 1147 1315 pridie
1170 1233 1281 1300 Nonas

109 1341 216 1406 Maias
240 1347 337 1423 patre
357 1341 490 1423 Emilio,
514 1346 621 1406 matre
644 1340 752 1407 Maria
775 1341 816 1405 de
839 1346 939 1423 gente
956 1341 1068 1423 Geist3
1092 1341 1280 1422 111111111-

110 1447 207 1512 11111
230 1447 467 1530 evangelicam.
614 1518 618 1522 ,

217 1555 339 1620 Primis
370 1553 496 1620 litteris
521 1574 593 1620 cum
617 1575 636 1620 a
660 1559 755 1636 patre
779 1555 850 1637 ipso
875 1555 1019 1621 imbutus
1043 1574 1164 1639 essem,
1196 1576 1280 1622 anno

109 1663 259 1727 LXXXI
296 1667 410 1728 sextae
446 1661 545 1727 classi
584 1662 749 1744 gymnasii
784 1661 954 1728 Gissensis
992 1663 1173 1746 discipulus
1212 1683 1282 1729 snm

110 1769 286 1851 ascriptus

215 1875 443 1956 Frequentavi
475 1877 560 1941 hanc
596 1876 741 1941 scholam
769 1896 871 1957 usque
906 1878 948 1943 ad
982 1896 1119 1943 vernum
1153 1883 1282 1959 tempus

109 1983 188 2061 anni
217 1981 419 2066 LXXXIX,
450 2003 510 2064 quo
541 2003 626 2049 anno
656 2023 696 2030 —
725 1990 821 2065 patre
851 1990 1060 2066 praematura
1090 1991 1196 2050 morte
1226 1986 1281 2050 ah

109 2096 238 2172 sumpto
275 2128 315 2136 —-
352 2090 536 2173 Bodingam
572 2110 644 2156 cum
678 2095 784 2155 matre
822 2091 1015 2175 demigravi.
1074 2091 1282 2157 Maturitatis

109 2197 335 2262 testimonium
363 2197 398 2262 in
429 2198 490 2263 hoc
522 2198 639 2279 oppido
671 2198 808 2279 adeptus
837 2219 866 2268 a.
892 2200 949 2264 XO
980 2198 1283 2281 Gryphiswaldiam

109 2322 159 2367 me
177 2303 313 2387 contuli,
330 2308 367 2368 ut
384 2322 516 2389 operam
531 2323 688 2369 navarem
704 2304 825 2369 studiis
835 2305 1055 2389 philologieis.
1091 2307 1283 2371 Docuerunt

108 2428 159 2473 me
190 2422 256 2490 per'
279 2415 333 2474 ter
363 2428 421 2474 sex
451 2430 580 2475 menses
608 2411 694 2481 r..‚d.
727 2431 758 2482 v.
783 2412 813 2482 d.
838 2414 945 2495 Maas,
979 2415 1092 2496 Marx,
1123 2414 1282 2496 Preuner,

109 2517 163 2581 W.
188 2516 338 2600 Schulze,
364 2517 526 2602 Schnppe,
552 2519 667 2602 Seeck,
691 2519 842 2584 chkler.
889 2521 985 2586 Anno
1009 2520 1105 2585 XCII
1129 2525 1283 2601 receptus

110 2644 179 2689 sum
208 2625 243 2690 in
274 2643 440 2690 numerum
470 2626 592 2691 civium
615 2625 803 2692 academiae
827 2627 1013 2710 Gissensis,
1047 2632 1146 2708 atque
1169 2627 1282 2693 audivi

109 2751 140 2797 v.
174 2732 204 2797 d.
238 2751 270 2798 v.
306 2732 337 2804 d.
376 2734 565 2817 Behaghel‚
604 2733 855 2827 Gundermann,
895 2735 1097 2818 Hdhlbaum,
1133 2735 1282 2819 Oncken,

109 2838 268 2921 Philippi,
292 2839 535 2921 Reitzenstein,
560 2839 719 2922 Schiller,
744 2841 821 2905 Joh.
845 2841 1010 2925 Schmidt,
1035 2842 1075 2906 Ε.
1100 2841 1283 2923 Schwartz,

109 2944 260 3010 Siebeck.

217 3052 394 3118 Seminarii
422 3051 617 3135 philologici
648 3053 946 3120 exercitationibus
970 3054 1110 3120 interfui
1133 3074 1192 3137 per
1215 3055 1283 3120 tria

109 3159 283 3225 semestria
307 3160 430 3225 sodalis
454 3159 651 3226 ordinarius.

215 3265 354 3350 Restat,
387 3272 425 3331 11
455 3266 614 3332 maximas
647 3286 743 3349 agam
773 3267 902 3350 gratias
935 3287 1007 3333 cum
1038 3268 1160 3333 ceteris
1187 3267 1282 3351 viria,

109 3372 164 3453 qui
176 3392 226 3437 me
240 3374 440 3440 adiuverunt
453 3374 487 3439 in
500 3375 563 3439 hac
575 3374 813 3440 dissertatione
824 3375 1037 3459 conficienda,
1055 3375 1107 3441 W.
1118 3375 1282 3458 Schulzio,

107 3479 391 3565 Reitzensteinio,
422 3481 695 3564 Gundermanno,
729 3487 798 3546 tum
828 3482 984 3549 Eduardo
1015 3482 1205 3565 Schwartz,
1230 3481 1282 3546 cni

108 3593 266 3667 quantum
291 3590 435 3671 debeam,
460 3607 624 3668 nunquam
647 3589 837 3654 obliviscar.
863 3627 903 3634 —
