2910 4980
615 429 833 496 „76-

139 634 173 696 et
204 625 291 710 apud
318 626 492 709 Polybium
524 631 558 692 et
585 646 637 708 ap.
669 625 767 692 Dion.
795 626 870 691 Hal.
901 626 937 691 in
967 626 1101 708 optimis
1128 625 1228 691 libris
1256 645 1310 690 ms.

121 723 122 728 ἵ
139 755 267 818 semper
291 734 361 800 fere
385 733 531 799 inveniri
552 733 689 799 formam
710 733 836 799 litteris
852 733 889 796 El
907 733 1081 816 scriptam;
1105 734 1213 799 solum
1229 733 1311 816 apud

138 843 371 925 Plutarchum,
408 841 500 906 cuius
534 840 663 906 codices
694 845 824 906 constet
853 861 918 907 non
931 871 936 879 r
949 840 1060 924 magni
1092 859 1168 907 esse
1202 840 1311 924 pretii,

139 951 332 1035 praevalere
354 950 490 1031 σημαίαν.
536 949 719 1013 Praeterea
742 949 777 1013 in
801 949 943 1013 Monam.
967 948 1051 1014 Anc.
1074 947 1228 1014 incisum*
1242 966 1312 1013 esse

139 1058 219 1143 16,5
241 1060 382 1141 σημείας,
412 1075 493 1137 quae
517 1055 622 1122 forma
647 1056 729 1121 elisa
752 1055 869 1122 littera
893 1055 903 1117 l
928 1060 1088 1138 appareat
1112 1055 1217 1121 etiam
1240 1056 1262 1121 l.
1285 1074 1310 1120 c.

58 1212 60 1216 .
140 1164 193 1249 15,
209 1201 235 1240 aa
259 1170 293 1230 et
319 1162 399 1248 16‚3
420 1163 576 1247 (σημέας).
622 1164 739 1244 Itaque
771 1165 878 1246 σημεία
907 1183 967 1245 pro
998 1162 1179 1245 principali
1209 1162 1312 1228 forma

139 1293 211 1339 esse
234 1272 434 1355 habendam,
463 1270 660 1352 praesertim
684 1288 756 1335 cum
780 1272 987 1353 corruptelae
1011 1273 1122 1353 σημαία
1145 1270 1241 1354 origo
1266 1270 1312 1335 ita

138 1379 295 1446 facillime
311 1378 418 1461 possit
442 1378 620 1461 explicari,
644 1382 682 1443 ut
698 1397 865 1461 ponamus,
890 1378 1093 1460 temporibus
1117 1377 1172 1461 iis,
1197 1378 1312 1459 quibus

138 1488 224 1553 idem
255 1489 418 1552 sonabant
446 1486 470 1548 l]
499 1491 533 1550 et
561 1484 617 1568 al,
652 1485 805 1568 formam,
841 1504 930 1566 quae·
953 1491 1033 1551 tunc
1063 1485 1186 1569 fuerit,
1218 1487 1313 1569 σημέα

139 1597 195 1678 (=
219 1595 342 1678 σημέηα)
376 1612 441 1658 non
470 1593 570 1658 aliter
599 1611 833 1674 saepenumero
863 1593 1040 1659 transiisse
1070 1592 1106 1657 in
1134 1594 1249 1676 σημαία
1276 1611 1313 1657 ac

137 1702 262 1768 factum
286 1701 332 1766 sit
356 1701 487 1787 οἰκτείρω
512 1719 552 1765 ex
577 1700 703 1787 οἰκτίρω.

245 1807 334 1890 Quae
359 1826 429 1872 cum
446 1807 481 1872 in
502 1807 692 1872 universum
709 1806 792 1872 satis
809 1807 1027 1888 probabiliter
1044 1806 1112 1872 sint
1131 1805 1313 1889 disputata,

137 1922 249 1982 tamen
276 1935 342 1981 non
372 1919 609 1996 persuaserunt
632 1915 843 1979 Mommseno.
890 1913 1025 1978 Etenim
1048 1913 1083 1979 in
1107 1913 1315 1979 Monumenti

137 2025 221 2088 Anc.
245 2022 369 2088 maiore
394 2021 540 2086 editione
564 2039 613 2104 ea,
638 2040 733 2101 quam
757 2020 878 2086 iterum
902 2021 1013 2086 emisit
1037 2017 1138 2104 1883,
1161 2020 1315 2086 breviter

138 2129 313 2196 adnotavit
344 2131 388 2211 (p.
414 2126 492 2211 202)
517 2129 558 2194 ad
581 2129 671 2195 locos
695 2128 788 2213 illos,
818 2148 897 2210 qnos
921 2147 1021 2211 supra
1044 2127 1161 2193 attuli:
1195 2151 1230 2211 „e
1256 2148 1315 2211 pro

138 2260 167 2298 αι
183 2241 376 2302 constanter
392 2240 570 2318 usurpatur
591 2235 626 2301 in
643 2239 739 2318 σημέα
754 2237 914 2302 vocabulo
937 2287 944 2301 .
963 2286 970 2300 .
989 2286 996 2301 .
1018 2234 1164 2301 conferri
1188 2235 1316 2317 poterit

138 2347 335 2431 σημηαφόμας
351 2343 405 2408 tit.
430 2343 632 2426 Aegyptiaci
656 2343 691 2408 C.
714 2344 747 2408 J.
772 2344 811 2409 L.
834 2344 890 2408 III
914 2340 1040 2425 6026*)
1064 2342 1195 2424 aliaque
1218 2344 1316 2426 plura

138 2450 353 2516 inveniuntur
382 2450 499 2515 similis
517 2451 704 2532 corruptela
726 2451 904 2534 exempla.“

245 2559 356 2638 Neque
377 2558 476 2624 aliter
492 2557 600 2623 visum
617 2563 668 2622 est
684 2558 871 2639 Hultsohio,
896 2557 951 2639 qui
967 2577 1052 2623 anno
1070 2555 1156 2623 1892
1174 2557 1224 2623 ed.
1242 2560 1316 2625 Pol.

138 2665 203 2731 vol.
227 2666 286 2731 Π2
308 2664 413 2747 praef.
439 2685 470 2746 p.
494 2664 543 2729 IV
569 2683 636 2746 sqq.
661 2664 767 2730 fusius
791 2665 950 2730 disseruit
974 2663 1015 2730 ad
1039 2665 1317 2746 comprobandam

139 2773 337 2855 scripturam
361 2774 481 2855 σημαία.
520 2772 679 2838 Concedit
700 2791 780 2838 vero
804 2791 836 2838 v.
861 2773 902 2855 d,
926 2773 961 2837 in
986 2771 1119 2854 optimis
1144 2772 1317 2840 codicibus

138 2882 327 2962 plerumque
343 2898 517 2945 occurrere
533 2879 655 2945 formas
671 2898 731 2961 per
747 2878 784 2941 El
801 2880 954 2962 scriptas,
979 2884 1126 2945 attamen
1149 2899 1216 2945 non
1241 2899 1316 2946 esse

137 2986 260 3053 nullius
276 2987 432 3053 momenti
449 2986 604 3071 affirmat,
622 2987 706 3067 quod
726 2987 897 3053 duodecim
913 2987 996 3053 locis
1011 2986 1046 3052 in
1060 2986 1167 3053 codd
1182 2987 1315 3054 inveni-

138 3098 214 3160 atur
227 3097 348 3178 σημαία,
367 3095 541 3175 eademque
554 3094 722 3176 scriptura
733 3094 785 3160 bis
799 3100 909 3160 exstet
921 3094 956 3160 in
968 3093 1102 3177 Polybii
1114 3094 1315 3178 fragmentis

138 3201 281 3267 aSuida
306 3201 469 3284 servatis3
493 3201 571 3283 quin
588 3201 688 3267 etiam
709 3202 786 3267 iude
810 3202 1067 3267 concludendum
1090 3219 1162 3267 esse
1187 3208 1313 3286 censet,

137 3308 313 3391 Polybium
329 3307 503 3390 scripsisse
520 3311 640 3392 σημαία.
679 3309 763 3374 Nam
779 3309 834 3390 qui
850 3313 963 3374 natum
983 3308 1030 3374 sit
1052 3308 1178 3374 totiens
1202 3312 1315 3392 σημαία

138 3435 179 3481 ex
202 3434 284 3481 voce
301 3418 416 3499 σημαία,
440 3416 499 3481 vix
522 3435 618 3498 posse
641 3416 725 3482 satis
749 3415 978 3500 demonstrari,
1003 3420 1120 3481 contra
1140 3414 1312 3481 admodum

138 3522 309 3605 probabile
340 3522 466 3606 videri,
503 3523 742 3605 „similitudine
772 3523 925 3589 vocabuli
955 3522 1169 3589 usitatissimi
1192 3531 1312 3606 σημεῖον

138 3629 290 3696 effectum
315 3649 405 3714 esse,
427 3635 466 3695 ut
490 3632 597 3714 σημαία
619 3650 678 3713 pro
702 3630 846 3714 genuino
871 3633 981 3713 σημαία
1003 3629 1135 3696 librarii
1158 3629 1309 3695 darent.“

138 3739 167 3802 E
192 3736 303 3803 titulis
326 3743 461 3819 praeter
485 3738 690 3803 Monumenti
712 3739 797 3803 Ano.
821 3738 910 3803 locos
933 3757 1032 3802 unum
1060 3735 1158 3802 affert
1182 3756 1200 3802 e
1223 3737 1309 3802 Ditt.

139 3843 220 3927 Syll.
244 3865 297 3911 no.
322 3842 386 3910 353
411 3845 468 3929 (cf.
484 3844 552 3910 hui.
569 3844 652 3927 disp.
669 3866 700 3927 p.
718 3843 774 3927 24)
797 3844 993 3926 repetitum:
1018 3846 1124 3928 σημεία
1148 3847 1193 3929 (v.
1216 3842 1310 3926 138);

138 3953 186 4017 ita
210 3958 320 4018 tamen
344 3953 384 4018 de
408 3971 445 4018 eo
470 3952 614 4036 iudicat,
643 3958 681 4017 ut
703 3953 789 4018 hanc
813 3952 967 4036 formam,
999 3952 1118 4034 quippe
1142 3951 1195 4016 cui
1217 3950 1309 4017 notio

244 4179 360 4269 *l'nihil
379 4206 488 4256 constat
507 4202 540 4255 de
559 4202 641 4256 huius
660 4201 739 4256 tituli
764 4205 857 4255 aetate
863 4221 869 4269 ;
894 4202 1069 4269 quamobrem
1096 4199 1162 4270 quid
1188 4199 1307 4255 iudicau-

138 4293 202 4346 dum
221 4292 259 4346 sit
278 4292 310 4346 de
330 4292 469 4361 scriptura
487 4289 662 4362 σημηαφόρος,
681 4307 735 4345 non
754 4291 858 4361 poterit
877 4291 945 4347 satis
965 4289 1112 4346 enucleari.
