2910 4980
565 439 783 511 ,33-

87 641 219 726 singula
250 658 374 726 genera
404 648 685 708 monumentorum
714 661 841 726 eorum,
872 662 953 722 quae
986 639 1135 723 exempla
1165 637 1260 708 nobis

87 751 302 833 suppeditant
335 750 496 815 sermonis
528 769 614 815 saec.
646 755 701 819 HI
734 755 769 818 Π
783 786 786 793 ’
801 755 827 818 Ι.
875 750 1023 815 Transeo
1051 768 1155 832 nunc,
1189 768 1261 814 oum

86 877 153 923 non
176 858 325 940 habeam,
350 876 432 937 quac
456 858 518 922 hoc
541 857 613 922 loco
636 856 797 922 monenda
826 856 895 920 sint
922 855 962 919 de
994 855 1104 920 titulis
1134 854 1260 919 Atticis

86 971 122 1030 et
145 963 288 1046 OropiiS,
313 964 354 1028 ad
378 964 517 1028 alteram
541 963 638 1028 huius
662 963 899 1048 disputationis
923 966 1059 1044 partem.

660 1449 687 1513 I.

340 1634 392 1644 —
421 1591 475 1662 De
504 1593 685 1664 verborum
716 1589 930 1686 supellectili.
965 1633 1012 1642 -

196 1784 292 1849 Haud
316 1802 435 1866 pauca,
460 1801 542 1863 qnae
566 1784 629 1847 huc
654 1782 839 1864 pertinent,
869 1783 972 1847 allata
996 1788 1074 1847 sunt
1096 1783 1219 1865 partim
1243 1804 1263 1849 a

85 1890 173 1956 viris
196 1891 326 1974 doctis,
351 1909 430 1971 quos
454 1890 587 1956 laudavi
611 1911 642 1972 p.
667 1887 702 1973 8,
727 1889 850 1972 partim
873 1909 893 1954 a
915 1908 966 1954 me
990 1890 1073 1973 ipso,
1098 1909 1170 1955 cum
1193 1891 1263 1957 dixi

86 1998 129 2062 de
154 2016 303 2063 sermone
327 2016 526 2079 papyrcrum
551 2002 585 2061 et
607 1996 780 2061 titulorum
803 1996 1012 2079 Dorioornm3
1035 1997 1122 2062 unde
1144 1998 1262 2063 verisi-

86 2105 166 2170 mile
182 2104 231 2188 fit,
248 2102 447 2189 omnibus*),
473 2103 528 2184 qui
544 2103 677 2185 Polybii
694 2103 765 2168 fere
781 2108 893 2169 aetate
909 2123 1029 2188 graece
1046 2105 1262 2189 scripserunt,

86 2211 193 2277 multa
216 2211 399 2277 communia
423 2209 526 2275 fuisse
550 2209 585 2275 in
608 2229 669 2274 usu
692 2212 883 2293 verborum,
914 2230 996 2291 quae
1020 2213 1264 2277 abhorruerunt

88 2321 131 2384 ab
156 2316 649 2399 antiquiorumconsuetudine.

198 2424 288 2507 Quae
313 2443 385 2488 cum
409 2423 457 2489 ita
481 2424 559 2506 sint,
585 2423 723 2504 primum
748 2424 877 2505 quidem
901 2425 1023 2507 passim
1044 2444 1130 2490 nuno
1147 2426 1263 2491 addam

87 2533 265 2616 nonnulla,
299 2551 381 2612 quae
414 2530 554 2596 maxime
583 2530 684 2614 digna
715 2550 787 2596 esse
819 2531 976 2597 videntur
999 2538 1261 2616 commemoratu,

88 2639 210 2705 deinde
234 2639 283 2704 ita
307 2638 491 2704 informabo
516 2637 751 2720 quaestionem,
775 2644 813 2703 ut
836 2639 943 2704 dicam
960 2639 1101 2722 singulis
1124 2639 1164 2704 de
1188 2659 1262 2705 ver-

87 2750 205 2812 borum
229 2745 424 2829 generibus,
456 2765 537 2826 quae
567 2745 744 2827 praecipue
768 2745 802 2810 in
833 2746 963 2811 deliciis
987 2746 1123 2811 fuerunt
1145 2755 1262 2820 κοινοῖς.

200 2850 230 2918 1.
255 2855 305 2918 De
330 2852 470 2936 singulis
494 2852 631 2921 vocibus
654 2858 712 2917 aut
735 2853 869 2918 novatis
885 2852 920 2917 in
937 2872 1086 2918 sermone
1103 2855 1264 2920 communi

256 2965 314 3025 ant
337 2979 423 3025 nova
446 2960 481 3024 vi
505 2959 698 3025 instructis:

199 3068 311 3132 Bonae
350 3066 472 3132 aetatis
511 3067 693 3149 scriptores
740 3085 884 3150 semper,
932 3074 1088 3148 quantum
1134 3069 1264 3152 etimne,

89 3169 287 3256 „mittendi“
321 3174 489 3240 notionem
518 3180 754 3256 expresserunt
788 3174 901 3240 verbis
936 3176 1130 3252 ἀποστέλλω,
1166 3175 1266 3262 (ἀπο)-

87 3284 206 3364 πὲμπω,
223 3280 329 3367 al.**),
353 3301 414 3347 nec
430 3282 515 3347 alins
532 3288 606 3347 erat
621 3301 698 3346 usus
714 3282 910 3348 Aristotelis
934 3281 991 3368 (cf.
1009 3283 1156 3349 Bonitzii
1172 3283 1265 3370 ind).

88 3390 208 3472 Longe
232 3389 332 3455 aliter
355 3408 409 3454 res
433 3409 468 3454 se
492 3391 594 3455 habet
617 3389 729 3455 iudea
746 3391 871 3454 saeculi
895 3390 966 3455 fere
983 3396 1018 3460 H
1035 3391 1144 3457 initio.
1183 3393 1267 3457 Nam

89 3511 286 3571 constanter
312 3506 384 3571 fere
407 3526 426 3570 a
449 3505 664 3591 Polybio***)
688 3512 882 3588 usurpatum
912 3513 964 3572 est
996 3488 1265 3584 ἐξαποστέλλειν

201 3764 228 3831 a)
248 3765 330 3833 idque
349 3767 441 3819 valere
461 3765 544 3819 etiam
564 3767 596 3819 de
615 3765 769 3819 hominibus
782 3783 836 3819 non
849 3766 961 3820 Graecis
975 3783 1072 3835 graece
1086 3768 1268 3823 scribentibus

76 3871 143 3909 nec
162 3871 217 3908 non
236 3856 269 3908 de
288 3855 322 3908 iis
342 3854 469 3922 Graecis,
497 3855 544 3922 qui
571 3855 682 3908 dialecti
701 3855 850 3923 peculiaris
868 3855 999 3909 formas
1019 3857 1204 3925 retinuerunt,
1225 3859 1269 3911 de·

89 3948 277 3999 monstratum
297 3949 348 3998 est.

184 4032 229 4098 *ll
249 4034 441 4088 Demosthenis
454 4033 500 4087 ille
518 4035 593 4088 locus
606 4052 632 4102 p.
650 4034 710 4103 251,
726 4051 738 4091 5
756 4031 976 4103 (ἐξαποστέλλειν),
996 4035 1044 4102 qni
1057 4037 1141 4105 vulgo
1154 4036 1270 4090 affertur

91 4123 121 4177 in
142 4122 247 4190 lexicis,
266 4123 403 4191 repetitus
423 4128 466 4177 est
485 4140 499 4177 e
520 4126 629 4177 decreto
649 4125 765 4191 quodam
785 4124 940 4178 subditicio.

165 4211 229 4278 aaa)
250 4212 333 4266 etiam
348 4213 451 4266 veteris
459 4213 622 4266 testamenti
632 4213 800 4281 interpretes
811 4214 938 4268 habuisse
949 4215 1062 4269 verbum
1073 4211 1271 4283 ἐξαποστέλλειν,

91 4317 242 4371 cognosces
257 4319 291 4354 ex
305 4303 522 4371 Deuter.21,14;
542 4303 576 4356 cf.
588 4303 671 4356 etiam
682 4304 806 4371 Apollou.
818 4305 900 4372 Perg.
912 4305 953 4357 ed.
963 4304 1086 4373 Heiberg
1096 4323 1121 4372 p.
1133 4305 1157 4369 1,
1172 4306 1228 4362 eal.
1236 4336 1270 4342 -

1039 4411 1056 4463 3
