2910 4980
614 401 831 485 -107

243 601 277 685 4)
301 603 349 667 Le
366 604 442 686 Bas,
468 601 550 682 Voy.
568 601 614 684 ll,
638 597 728 665 159¹<
748 601 994 683 Methauenses
1017 619 1117 682 penes
1133 620 1212 681 quos
1230 607 1315 666 tuuc

136 730 201 775 non
225 709 332 774 minus
355 728 451 789 quam
475 707 596 773 ceteris
620 707 655 771 in
677 707 811 772 Doricis
835 707 1030 773 civitatibus
1055 708 1191 773 Doridis
1215 727 1314 774 usum

136 817 171 881 in
194 815 321 882 litteris
344 815 491 882 valuisse
514 814 698 880 verisimile
721 813 831 896 cst*),
855 815 993 897 volgare
1013 814 1236 880 adhibuerunt
1261 815 1314 879 di·

137 923 232 989 cendi
248 942 352 1007 genus
368 922 403 988 in
418 923 599 988 honoribus
614 922 804 988 Ptolemaeo
821 922 1033 1004 Philopatori
1050 922 1238 987 tribuendis
1248 922 1313 1005 **).

136 1031 248 1112 Neque
271 1031 371 1095 aliter
395 1049 449 1095 res
472 1049 507 1094 se
531 1031 651 1095 habet:

243 1136 277 1219 5)
301 1137 389 1202 Insc.
406 1137 507 1220 Perg.
530 1137 770 1217 („Altertiimer
786 1155 852 1201 von
868 1137 1083 1219 Pergamum‘
1103 1137 1168 1202 vol.
1185 1137 1271 1201 VIII
1291 1135 1311 1201 1

138 1273 179 1298 =
196 1245 325 1310 Inschr.
341 1244 373 1327 Ι)
398 1263 450 1310 no.
468 1241 521 1326 64,
545 1263 607 1324 quo
624 1244 723 1309 titulo
748 1243 962 1309 contiuentur
985 1245 1126 1310 honores
1150 1247 1191 1309 ab
1215 1244 1312 1309 auxi-

137 1353 276 1418 liaribus
299 1351 462 1417 militibus
486 1351 627 1417 Achivis
650 1351 809 1416 Eumenis
832 1352 868 1415 II
892 1351 1029 1416 decreti.

244 1457 277 1542 6)
301 1459 378 1524 Bull
393 1459 426 1523 X
447 1478 477 1540 p.
496 1455 559 1523 165
584 1456 640 1541 (94
657 1479 687 1524 a.
704 1459 797 1540 Chr.)
823 1458 941 1523 titulus
965 1458 1101 1523 exhibet
1126 1459 1312 1540 exemplum

137 1566 282 1633 foederis
312 1566 403 1631 inter
427 1567 621 1648 Thyrrheos
654 1570 688 1630 et
719 1566 885 1630 Romanos
909 1565 1010 1648 facti,
1044 1565 1145 1647 quod,
1177 1565 1311 1630 cumin

138 1673 255 1756 oppido
272 1674 329 1739 illo
346 1673 510 1761 Arcadico
535 1677 707 1738 exaratum
731 1673 786 1755 sit,
812 1672 860 1736 nil
884 1673 985 1737 habet
1008 1672 1145 1737 dialecti
1169 1673 1310 1737 achaeo·

137 1781 268 1848 doricae
298 1780 488 1860 ceteroquin
521 1778 622 1845 etiam
653 1785 732 1844 tuuc
764 1783 804 1845 ab
828 1779 1015 1844 Arcadibus
1046 1784 1226 1861 usurpatae
1252 1779 1310 1862 (cf.

137 1888 276 1954 Meister
299 1908 349 1970 gr.
374 1887 461 1952 Dial.
486 1887 521 1951 Π
545 1909 576 1968 p.
599 1885 640 1952 81
666 1892 700 1951 et
724 1884 791 1968 85).
815 1887 1019 1951 Dubitanter
1041 1887 1105 1956 huc
1130 1885 1257 1951 refero:

244 1992 278 2078 7)
302 1995 387 2060 oud.
411 1996 476 2060 vol.
501 1995 538 2058 Io
561 1995 626 2078 (ed.
651 1993 924 2076 Dittenberger),
957 2013 1009 2058 no.
1035 1990 1092 2077 20,
1118 1994 1310 2076 Tanagrae·

138 2122 228 2168 orum
252 2087 461 2184 plebiscitum
484 2102 654 2184 Megaram
677 2101 811 2166 missum
836 2119 921 2166 saec.
944 2100 1070 2184 Π***),
1095 2105 1129 2165 et

244 2208 278 2291 8)
302 2210 378 2274 Bull
402 2208 490 2273 XIII
520 2228 550 2289 p.
576 2205 618 2272 68
649 2208 824 2290 epistulam
852 2209 1081 2273 Thebanorum
1110 2208 1309 2272 Boeotorum

137 2316 179 2382 ad
202 2315 498 2398 Polyrrheniorum
523 2315 695 2380 civitatem
719 2315 877 2397 scriptam
902 2315 1064 2397 (incertae
1088 2314 1242 2396 aetatis),
1274 2319 1310 2378 et

246 2421 379 2506 9)]1111
409 2423 496 2488 XIII
522 2420 606 2503 379,
640 2423 781 2488 honores
815 2423 888 2488 viro
921 2422 1097 2487 Larissaco
1130 2421 1258 2486 decreti
1289 2443 1309 2486 a

136 2531 325 2596 Pteleatum
349 2530 489 2596 civitate
512 2529 708 2595 Phthiotica
733 2530 870 2612 (aetatis
894 2528 1070 2611 incertae).

244 2745 270 2811 *l
290 2762 344 2798 nou
364 2762 380 2798 a
398 2742 638 2810 Methanensibus‚
662 2744 710 2797 sed
733 2744 767 2797 ab
786 2742 940 2797 hominibus
964 2741 1133 2810 quibuslibet
1151 2741 1309 2811 peregrinis

137 2837 204 2889 haec
217 2837 328 2889 decreta
341 2850 400 2888 esse
414 2833 566 2887 Ahrensius
580 2832 661 2899 (Dial.
671 2833 709 2901 II,
724 2833 759 2900 7),
772 2864 806 2870 —
820 2833 864 2886 cui
877 2837 944 2887 tunc
956 2849 1010 2886 nou
1023 2837 1133 2901 praesto
1147 2836 1207 2885 erat
1226 2831 1310 2885 huius

137 2924 215 2978 tituli
240 2925 379 2992 exemplar
404 2923 457 2977 uisi
489 2940 614 2977 mancum
641 2923 776 2978 Dodwelli
800 2919 943 2993 ἀπόγραφον
963 2922 1006 2989 [=
1027 2923 1055 2976 C.
1074 2924 1099 2977 J.
1120 2923 1151 2975 G.
1172 2921 1252 2988 1191]
1275 2952 1310 2958 -

138 3012 261 3067 coniecit.
299 3014 337 3066 At
356 3029 428 3066 nuuc
453 3013 526 3081 apud
550 3014 589 3066 Le
610 3013 723 3066 Basium
747 3011 873 3066 dissertis
901 3011 992 3065 verbis
1022 3011 1154 3080 scriptum
1178 3010 1309 3079 legimus:

138 3101 154 3174 ἡ
174 3101 246 3162 πόλις
265 3100 282 3173 ἡ
302 3098 461 3161 Madauros.

227 3191 271 3258 *ll
291 3208 326 3245 ne
344 3193 398 3246 huc
417 3192 549 3245 referrem
568 3191 683 3245 titulum
697 3192 881 3262 Aeginensem
899 3207 961 3245 saec
974 3191 1004 3243 Il
1028 3205 1150 3244 sermone
1174 3189 1310 3243 communi

139 3281 332 3350 couscriptum,
352 3298 377 3348 q.
398 3297 420 3334 c.
440 3298 464 3334 a.
483 3281 577 3335 Hicks.
598 3299 614 3335 a
633 3282 744 3335 manual
763 3281 792 3334 of
809 3282 895 3351 greek
913 3280 978 3333 hist.
996 3279 1064 3333 iusc.
1083 3296 1125 3333 no.
1146 3278 1197 3332 189
1217 3279 1260 3343 (=
1281 3279 1310 3331 C.

138 3372 164 3425 J.
184 3370 216 3424 G.
236 3370 297 3423 add.
323 3367 424 3436 arach)
448 3386 491 3423 me
515 3375 733 3437 commoverunt,
758 3385 827 3436 quae
847 3368 1000 3423 Boeolrhius
1020 3368 1163 3422 adnotavit
1182 3368 1216 3421 ad
1236 3367 1264 3420 C.
1284 3369 1311 3422 J.

139 3460 171 3514 G.
191 3459 261 3513 2140
285 3459 347 3525 (vol.
371 3459 408 3512 II.
432 3477 458 3527 p.
483 3459 577 3527 1014),
605 3456 687 3530 κοινὴν
716 3459 816 3513 idcirco
844 3475 977 3528 apparere
1000 3458 1029 3512 in
1052 3458 1100 3512 illa
1123 3457 1311 3525 inscriptione,

139 3548 213 3616 quia,
232 3548 280 3615 qui
298 3553 365 3601 tuno
385 3547 484 3614 (Attali
503 3548 678 3616 Philadelphi
697 3548 876 3616 temporibus)
896 3547 1075 3602 incoluissent
1093 3547 1237 3616 Aeginam,
1256 3563 1310 3600 non

138 3637 257 3693 fuissent
276 3639 363 3691 Dores
382 3637 543 3706 Aeginetae.

210 3727 365 3795 1119111οᾶ
388 3728 622 3796 Ditteubcrgerus
646 3729 663 3780 l.
688 3729 705 3781 l.
731 3729 846 3781 adnotat
878 3729 912 3781 ad
940 3728 1010 3781 hanc
1033 3725 1253 3794 inscriptionem,
1281 3725 1311 3779 in

138 3817 226 3871 medio
250 3817 460 3885 relinquendum
484 3833 556 3884 esse.
587 3822 681 3872 utrum
706 3834 829 3871 sermone
855 3817 966 3886 vulgari
990 3817 1023 3870 ab
1046 3815 1114 3884 ipsis
1139 3815 1311 3884 Tanagraeis

140 3907 324 3975 conscriptum
344 3906 381 3960 sit
400 3906 589 3975 plebiscitum,
615 3924 650 3960 an
669 3905 792 3975 Megaris
816 3922 830 3959 e
850 3906 967 3960 dialecto
987 3904 1116 3959 Boeotica
1134 3905 1311 3972 translatum,

139 3997 190 4050 hoo
219 3996 286 4049 mihi
315 3995 426 4050 minime
449 3996 561 4050 videtur
585 4011 644 4049 esse
668 3995 870 4064 ambigendum.
912 3995 1023 4049 Etenim
1055 3994 1102 4062 qui
1125 3994 1186 4047 fieri
1209 3994 1311 4062 potuit,

139 4090 171 4139 ut
190 4086 375 4154 Megarenses,
399 4101 465 4153 quos
485 4084 595 4139 Doridis
606 4060 697 4138 'usum
721 4085 863 4150 usquead
883 4084 1081 4152 imperatorum
1101 4088 1225 4152 tempora
1244 4083 1310 4137 reti·

139 4173 232 4228 unisse
256 4175 314 4243 ipse
338 4174 570 4243 Dittenbergerus
594 4174 720 4241 exposuit
744 4174 778 4226 ad
802 4190 844 4227 no.
870 4174 904 4227 18
923 4178 952 4227 et
972 4173 1086 4241 97-99,
1111 4172 1139 4226 in
1159 4189 1310 4226 sermonem

140 4280 307 4319 communem
326 4268 469 4319 uerterent
488 4264 537 4317 hoc
556 4264 705 4331 decretum,
723 4280 777 4317 non
796 4263 825 4317 in
845 4263 992 4316 Doridem?
