2910 4980
623 398 841 464 -53..

143 598 179 658 et
194 592 301 676 Bon),
325 593 409 658 alios
426 593 494 659 vim
510 594 613 659 habet
630 594 889 678 ,narrationis“,
906 614 1064 676 nusquam
1079 596 1217 681 διήγημα,
1234 596 1318 677 quod

142 705 196 766 est
219 719 270 783 ap.
294 701 366 767 Pol.
390 701 418 784 Ι,
444 697 496 784 14,
516 737 544 784 ι,
567 701 617 766 IV
640 698 693 785 39,
709 724 750 785 113
774 701 817 768 oi.
840 703 968 785 Pbryn.
992 724 1023 785 p.
1048 700 1113 768 465
1136 703 1189 768 L.:

141 809 273 893 διήγησιν
296 808 439 888 λέγουσιν·
464 808 528 895 οὐχί
551 809 688 893 διήγημα.

141 915 240 981 Haud
271 935 348 982 raro
381 914 529 981 ooonrrit
560 915 646 998 apud
678 915 853 998 Polybium
885 919 1064 1004 συνχώρημα
1097 918 1152 998 (ef.
1184 917 1316 1003 Sohu),

141 1041 317 1106 nusquam,
349 1027 505 1105 quantum
529 1022 614 1106 soio,
643 1024 847 1110 συγχώρησις,
883 1042 955 1089 oum
979 1023 1088 1089 Attici
1111 1024 1259 1091 dixerint
1283 1025 1318 1091 in

141 1131 257 1196 eadem
282 1149 321 1195 re
349 1131 536 1217 συγχώρησις
564 1130 619 1209 (of.
647 1131 722 1196 Ast.
753 1130 795 1196 ad
823 1132 904 1214 Pl),
938 1150 1096 1212 nusquam
1125 1133 1316 1220 συνχώρημα.

141 1237 302 1320 ἐλάττωμα
340 1242 375 1302 ei
414 1238 583 1312 ἐλάττωσις
621 1258 641 1303 a
678 1231 831 1321 Polybio=
862 1238 972 1321 pOSiia
1012 1244 1090 1304 suni
1129 1239 1170 1304 ad
1214 1240 1317 1324 Signi-

140 1345 304 1410 fioandum
327 1344 562 1410 detrimentum
589 1344 644 1411 vel
668 1345 811 1430 oladem,
844 1345 1035 1412 Atticorum
1058 1348 1128 1412 sola
1153 1352 1227 1412 erat
1249 1366 1316 1413 vox
1358 1368 1360 1372 “

140 1452 318 1524 ἐλάττωσις.
366 1452 528 1517 Similiter
551 1471 605 1517 res
629 1471 664 1517 se
687 1453 789 1518 habet
812 1453 848 1518 in
872 1453 1028 1519 vocibus:

140 1578 280 1663 ἁλόγημα
291 1579 344 1644 IX
356 1576 408 1663 16,
424 1602 454 1654 5:
476 1579 657 1664 ἀλογήμασιν
669 1581 843 1667 περιπίπτειν
856 1599 915 1662 pro
928 1580 1062 1662 αἰλογίαις
1075 1584 1259 1672 περιπίπτειν,
1273 1582 1316 1648 al.

139 1685 246 1767 ἰδίωμα
269 1686 317 1768 (II
342 1684 437 1770 38,10
460 1687 527 1770 al),
552 1687 636 1767 quod
659 1687 746 1752 idem
770 1693 822 1753 est
845 1687 929 1768 quod
952 1688 1075 1771 ἰδιώτης.

139 1795 308 1880 σονέργημα
333 1794 380 1877 (II
403 1792 456 1878 42,
471 1795 495 1875 4)
520 1814 579 1877 pro
604 1797 747 1882 συνεργία.

138 1903 297 1985 δαπάνημα
313 1922 372 1984 pro
389 1902 502 1986 δαπάνη
519 1921 585 1968 non
602 1900 774 1967 invenitur
790 1907 868 1967 ante
884 1903 1059 1984 Polybium
1080 1904 1134 1986 (of.
1152 1905 1316 1991 XXVIII,

141 2005 195 2093 13,
215 2045 227 2084 ρ
253 2013 287 2074 et
310 2008 362 2074 IX
386 2007 444 2093 42,
464 2011 511 2092 4),
538 2008 692 2074 nisinun
721 2009 954 2093 Xenophontis
978 2010 1049 2077 loon
1074 2011 1206 2094 (Cyrup.
1231 2013 1315 2078 VIII

136 2114 172 2200 1,
192 2119 220 2197 3)
245 2121 279 2181 et
303 2115 389 2198 apud
412 2115 639 2182 Aristotelem.

139 2241 323 2328 εὐεργέτημα
350 2262 408 2324 pro
441 2241 589 2330 εὐεργεσία
613 2247 647 2308 ei
672 2241 880 2325 σομβυὺλεομα
902 2262 962 2325 pro
987 2241 1219 2326 σομβυὺλευσις,
1244 2267 1315 2327 σομ-

140 2347 262 2433 duolio,
296 2368 367 2414 omn
397 2349 485 2414 binis
516 2349 582 2415 iam
617 2354 794 2415 oeourraut
824 2349 1058 2432 Xenophontis
1092 2351 1174 2417 loois
1211 2371 1315 2432 neque

138 2455 249 2523 aliena
273 2456 399 2523 fuerint
423 2459 463 2522 ab
487 2456 684 2524 Aristotelis
708 2475 867 2541 sermone,
892 2457 1024 2540 saepius
1048 2458 1205 2542 leguntur
1229 2460 1315 2541 apud

138 2562 325 2647 Polybium,
350 2564 392 2629 ef.
415 2561 571 2648 IH16,2
594 2565 647 2646 al,
672 2563 739 2628 VII
764 2561 816 2648 13,
831 2601 853 2639 ⁸.

246 2691 351 2756 Porro
385 2709 457 2756 oum
484 2691 570 2773 apud
598 2691 731 2756 Atticos
765 2690 947 2773 scriptores
978 2689 1115 2774 ἀσέβημα
1144 2690 1193 2756 nil
1225 2691 1315 2756 aliud

137 2796 400 2881 significaverit,
434 2797 501 2863 nisi
531 2797 565 2861 τά
589 2796 790 2883 ἠσεβημένον,
820 2797 960 2880 Polybio
992 2797 1121 2879 quidem
1144 2799 1226 2864 haeo
1250 2818 1316 2865 vox

137 2904 226 2969 idem
249 2905 356 2970 valuit
379 2906 463 2986 quod
489 2905 542 2987 ,τὸ
566 2908 740 2993 ἁμαρτάνειν
761 2906 807 2978 εἰς
824 2953 831 2967 .
850 2953 857 2967 .
876 2907 904 2967 .“
931 2905 993 2988 (sio
1016 2905 1194 2988 XXXVII,
1219 2903 1249 2989 1,
1265 2908 1314 2989 15).

136 3011 208 3076 Neo
239 3013 375 3077 multum
405 3015 501 3079 abest
533 3031 631 3095 saepe
663 3015 703 3078 ab
734 3013 797 3078 bae
826 3012 947 3096 agendi
977 3012 1113 3078 notione
1146 3012 1198 3078 vis
1222 3013 1315 3079 voois

136 3119 390 3206 παρασπόνδημα..
437 3119 587 3201 Denique
611 3121 675 3185 buo
699 3120 809 3186 refero
833 3120 1013 3186 voeabula:

138 3226 314 3313 εὐημέρημα
338 3208 405 3310 (ΙΙΙ
431 3223 483 3311 72,
498 3228 536 3310 2),
559 3227 713 3309 διάπτωμα
736 3227 820 3310 (XII
845 3225 933 3311 4¹²,4
954 3226 1010 3308 al).
1054 3227 1218 3309 odylardum
1241 3229 1314 3311 (pro

137 3335 277 3420 συντυχία
300 3335 426 3416 Phryn.
452 3332 493 3399 cf.
517 3334 619 3400 Ruth.
644 3356 675 3417 p.
700 3331 789 3416 318).

246 3460 507 3526 Instrumentum
530 3459 690 3540 quoddam
706 3458 929 3542 significatum
954 3464 1005 3524 est
1028 3458 1121 3524 bisoe
1144 3459 1314 3525 vocabulis

137 3569 180 3633 ab
203 3567 346 3633 Atthide
370 3567 643 3633 abhorrentibus:

137 3693 270 3774 κέντημα
293 3693 340 3776 II,
365 3689 445 3775 33,5
470 3698 505 3757 et
523 3728 535 3766 γ
555 3712 614 3775 pro
638 3694 767 3778 κέντρον,

136 3800 213 3881 δέμα
236 3799 373 3882 (δεσμός)
397 3800 445 3864 VI
470 3797 574 3883 33,11,
600 3800 724 3882 ζύγωμα
747 3799 897 3886 (κλεῖθρον
913 3798 967 3864 vel
984 3799 1114 3883 μάχλος)
1138 3798 1204 3864 VH
1223 3797 1275 3883 16,
1290 3834 1313 3874 5.

138 3907 282 3992 βοήθημα
304 3907 332 3991 Ι,
358 3906 410 3990 22,
426 3943 448 3991 3,
473 3907 626 3972 XXVIII
651 3905 743 3991 13,11
767 3907 809 3972 al.

246 4032 370 4098 Contra
393 4032 582 4101 Atticorum
605 4031 737 4097 dicendi
760 4050 854 4098 usum
878 4031 942 4097 looi
967 4031 1034 4096 vim
1058 4032 1201 4096 babent:
1224 4036 1313 4092 κατά-

136 4141 265 4220 loson
281 4136 323 4203 36
339 4175 360 4223 γ,
378 4140 421 4205 al.
439 4138 481 4206 ei.
498 4139 622 4205 Moeris
639 4160 670 4221 p.
684 4137 747 4204 241
764 4140 872 4205 Plers.
889 4140 1088 4221 καταγώγιον.
1105 4185 1112 4201 .
1127 4186 1134 4199 .
1152 4136 1311 4209 Ἀττικώς·

136 4246 295 4330 κατάλυμα
311 4240 510 4332 Ἑλληνικῶς,
542 4250 576 4311 et
599 4248 778 4336 νυκτέρεομα
789 4246 863 4325 ,ΧΠ
880 4244 942 4332 4,9
964 4265 1023 4331 pro
1039 4249 1133 4332 σκηνη
1150 4249 1311 4335 νοκτερινη.
