2910 4980
615 435 834 502 -7q„.

135 635 304 701 Frankius
327 635 362 700 in
390 634 607 718 ,lectionibus
631 632 850 699 Aeschineis“
877 633 1011 716 (Philol.
1036 633 1142 716 suppl.
1167 633 1187 698 I
1212 630 1312 716 1886)

135 762 166 824 p.
191 739 255 807 469
279 761 361 823 sqq:
390 741 550 824 seriptum
578 759 650 805 esse
683 740 857 826 φιλονεικεῖν
888 760 907 805 a
935 746 1033 812 νεῖκος
1059 732 1213 823 ductum,
1243 758 1313 804 oum

137 868 241 915 sermo
278 848 375 914 fieret
409 849 448 913 de
491 848 642 931 rixando,
681 848 886 931 aemulando,
921 847 1159 930 contendendo,
1197 851 1313 913 eontra

137 956 292 1043 φιλονικεῖν
316 956 449 1021 duotnm
472 976 492 1021 a
519 956 583 1039 νίκη
599 973 758 1034 nusquam
781 954 872 1019 aliud
895 955 1041 1021 valuisse
1064 973 1103 1019 ao
1130 953 1313 1036 ,victoriae

138 1063 291 1145 cupidum
308 1064 418 1145 esse“;
441 1062 553 1142 itaque
577 1081 618 1126 ex
640 1061 895 1142 uniuscuiusque
918 1061 983 1126 loci
1000 1061 1169 1126 sententia
1193 1060 1312 1126 diiudi-

137 1170 274 1235 candum
304 1188 394 1253 esse,
425 1175 502 1234 utra
530 1174 623 1234 reeta
656 1168 701 1233 sit
719 1168 908 1252 scriptura.
956 1168 1046 1250 Quae
1069 1151 1197 1233 ideirco
1221 1188 1242 1233 a
1265 1187 1313 1233 me

136 1279 200 1342 huo
224 1277 332 1342 relata
356 1281 443 1359 sunt,
467 1276 543 1356 quia
566 1280 741 1357 tantopere
765 1275 953 1340 arriserunt
975 1275 1163 1358 Hultsohio,
1188 1280 1313 1341 utnon

136 1383 343 1450 dubitaverit
358 1382 412 1449 vir
428 1383 515 1448 doot.
533 1384 629 1464 plane
646 1388 762 1448 eontra
786 1382 1021 1448 anctoritatem
1043 1382 1136 1447 tituli
1159 1383 1312 1465 Pergam.

137 1488 202 1556 245
225 1492 266 1574 A,
286 1528 297 1566 η
321 1490 468 1556 retinere
484 1491 555 1556 Pol.
573 1490 621 1555 IV
643 1488 723 1573 49‚2
746 1489 923 1556 lectionem
947 1489 1071 1555 oodiris
1087 1490 1118 1554 A
1135 1491 1313 1576 φιλονεικίαν

137 1597 194 1680 (of.
227 1596 332 1680 praef.
357 1599 422 1664 vol.
446 1597 510 1662 Π2
533 1618 565 1679 p.
588 1597 636 1661 VI
660 1597 733 1679 sq).
780 1597 849 1663 Neo
872 1615 951 1663 vero
975 1601 1067 1662 reete
1091 1615 1164 1661 eum
1188 1596 1314 1663 vidisse

137 1705 217 1770 mihi
250 1724 440 1787 persuasum
464 1709 525 1769 est.
582 1704 727 1788 Etenim,
751 1703 882 1769 etiamsi
906 1703 1091 1787 concedam,
1122 1704 1314 1771 acutissime

137 1817 241 1878 totam
273 1812 498 1895 quaestionem
528 1816 709 1877 tractatam
742 1829 815 1876 esse
846 1831 865 1876 a
896 1811 1065 1895 Frankio,
1089 1816 1201 1877 tamen
1226 1817 1314 1896 sunt,

138 1937 219 2000 quae
243 1919 340 1984 valde
364 1921 497 1985 obstent
520 1919 591 1983 eius
615 1918 813 1984 sententiae.

243 2044 391 2109 Primum
406 2043 535 2124 quidem
558 2063 623 2108 non
640 2043 711 2107 sine
725 2061 824 2107 eausa
845 2042 1029 2108 indubium
1053 2047 1164 2124 potest
1188 2046 1314 2130 vocari,

137 2170 214 2215 num
244 2150 348 2216 fuerit
380 2150 511 2216 omnino
543 2150 577 2214 in
599 2149 749 2215 Atthide
766 2149 981 2231 compositum
1004 2151 1087 2236 φιλο·
1110 2168 1184 2214 eum
1207 2151 1316 2234 stirpe

138 2279 221 2322 νεικ-.
255 2258 364 2322 Erant
380 2265 487 2331 νεῖκος,
512 2259 612 2319 νεικέοι
629 2257 789 2322 voeabula
805 2256 945 2322 maxime
961 2257 1087 2322 usitata
1103 2257 1162 2323 illa
1184 2258 1317 2338 quidem

101 2433 106 2439 ,
138 2365 224 2447 apud
259 2369 375 2448 poetas
410 2369 444 2428 et
479 2364 514 2429 in
537 2363 699 2429 Herodoti
734 2363 845 2447 litorio,
882 2363 939 2428 sed
974 2364 1143 2429 admodum
1177 2384 1258 2431 rara
1281 2366 1317 2432 in

139 2472 329 2537 Atticorum
345 2491 442 2554 prosa
459 2471 609 2537 oratione
623 2471 665 2552 *λ
701 2472 859 2536 Attamen
882 2490 1049 2555 ponamus
1072 2476 1131 2537 aut
1154 2491 1197 2537 ex
1219 2472 1318 2540 Ionia

140 2580 253 2645 illatas
269 2598 342 2644 esse
357 2579 480 2644 formas
504 2579 657 2665 φιλονεικ,
682 2583 740 2643 aut
763 2581 803 2643 ab
828 2578 1015 2660 antiquiore
1031 2579 1147 2645 Attica
1171 2579 1317 2646 dialecto

139 2688 227 2752 haud
258 2687 307 2752 ita
331 2686 473 2752 alienam
495 2685 599 2751 fuisse
622 2705 737 2752 vooem
760 2693 873 2758 νεῖκος;
898 2686 1055 2766 quomodo
1080 2686 1187 2770 igitur
1210 2687 1318 2769 expli·

141 2795 278 2860 eandum
308 2799 375 2878 est,
406 2794 490 2875 quod
519 2812 648 2875 semper
675 2798 787 2858 exstat
820 2792 980 2859 adieetivi
1016 2794 1122 2859 forma
1150 2794 1319 2880 φιλόνικος

141 2903 208 2982 tvel
240 2901 275 2966 in
303 2901 395 2967 oodd.
421 2920 519 2982 saepe
544 2900 735 2988 φιλόνεικος),
759 2900 850 2965 diota
874 2900 975 2967 etiam
998 2900 1038 2965 de
1062 2901 1214 2985 rixando,
1241 2921 1319 2968 oon-

140 3009 322 3093 tendendo,
355 3028 514 3090 nusquam
548 3008 719 3074 invenitur
748 3007 959 3094 φιλονεικης,
994 3001 1088 3089 quae’
1107 3009 1178 3074 sola
1210 3007 1320 3074 forma

141 3116 289 3182 derivari
306 3116 450 3197 potuita
467 3135 548 3182 vooe
565 3119 682 3188 νεῖκοςῖ
699 3116 798 3181 Certe
815 3115 844 3180 si
861 3115 933 3197 quis
950 3115 1034 3181 facit
1058 3134 1130 3180 oum
1153 3115 1320 3201 Frankio,

141 3223 265 3308 oredet,
288 3223 382 3288 iuxta
398 3223 599 3289 adieetivum
616 3223 766 3309 φιλόνικος
790 3222 882 3305 (νίκη)
907 3223 942 3287 in
965 3241 1026 3287 usu
1050 3221 1153 3288 fuisse
1178 3220 1321 3289 formam

142 3331 303 3411 quandam
319 3331 496 3417 φιλόνεικος,
521 3348 602 3410 quae
620 3330 749 3411 quidem
766 3330 928 3412 originem
943 3330 1089 3396 traxerit
1112 3350 1131 3395 a
1154 3332 1320 3397 vocabulo

142 3437 228 3519 apud
238 3438 440 3520 Aeschylum
460 3438 557 3503 obvio
581 3440 662 3521 νείκη
687 3466 728 3492 =
753 3445 866 3520 νεῖκος;
889 3437 971 3502 mihi
994 3437 1123 3518 quidem
1146 3437 1216 3502 tale
1241 3437 1321 3518 quid

141 3565 207 3611 non
224 3547 394 3628 probatur.
441 3544 571 3610 Deinde
594 3545 666 3610 iure
690 3564 839 3628 quaeras,
863 3564 940 3610 num
962 3563 999 3610 re
1022 3563 1104 3611 vera
1128 3544 1173 3609 sit
1196 3550 1320 3626 putan-

142 3652 218 3717 dum
257 3651 307 3735 id,
343 3651 428 3732 qnod
462 3652 612 3718 Frankio
648 3651 755 3718 visum
788 3657 859 3736 est,
901 3651 979 3717 fieri
1007 3671 1073 3718 non
1104 3650 1255 3733 potuisse
1283 3652 1320 3718 in

143 3778 292 3825 sermone
314 3777 444 3842 graeco,
469 3759 547 3840 quin
570 3758 729 3824 eiusmodi
752 3761 855 3825 verba
879 3759 1059 3841 composita
1082 3758 1164 3824 adeo
1189 3778 1321 3841 semper

142 3867 329 3934 retinerent
356 3866 533 3948 pristinam
562 3865 647 3949 vim,
670 3871 708 3931 ut
732 3884 895 3947 nunquam
918 3865 1007 3931 aliud
1031 3866 1144 3931 valere
1168 3868 1321 3947 potnerit

144 3975 286 4063 φιλονικία
308 3972 375 4038 nisi
398 3972 420 4039 i.
445 3993 474 4054 q.
493 3972 679 4056 ,cupiditas
703 3972 892 4038 vincendi“.
939 3973 1169 4057 Credamusne,
1192 3978 1231 4038 ut
1254 3975 1320 4052 hoo

143 4088 274 4149 tantum
295 4080 439 4166 afferam,
465 4081 617 4166 βουθυτεῖν
640 4082 744 4147 fuisse
761 4082 846 4147 idem
870 4083 953 4163 quod
979 4085 1101 4164 ,boves
1124 4080 1318 4148 immolare“

250 4295 277 4363 ί)
298 4297 371 4367 apud
389 4296 534 4352 Platonem
553 4313 608 4351 non
626 4295 731 4368 legitur
750 4296 805 4352 uisi
823 4313 877 4351 uno
895 4297 953 4351 loeo
972 4296 1053 4366 Soph.
1073 4294 1134 4364 243,
1152 4295 1186 4352 A.
