2910 4980
663 387 881 455 ..72-

191 589 304 670 Neque
328 588 428 655 aliter
451 607 505 653 res
529 606 565 652 se
588 585 744 652 habuisse
767 585 901 650 videtur
925 584 959 649 in
975 583 1213 667 Mylasensium
1231 583 1370 648 decreto

135 711 137 719 ’
188 699 241 779 (ex
272 697 463 762 litterarum
495 694 601 760 forma
636 693 775 776 saeculi,
807 692 843 757 ni
877 692 992 776 fallor,
1027 691 1063 757 Π
1090 692 1145 757 vel
1172 691 1203 772 Ι)
1242 690 1369 755 Athen.

188 803 279 870 Mitt.
303 802 395 887 XIV,
421 799 495 884 109,
519 801 576 867 ubi
599 801 681 867 baec
706 805 839 866 servata
863 805 960 865 sunt:

335 957 342 972 .
371 957 379 972 .
411 961 417 974 .
446 931 504 982 τας
541 907 674 992 εὐσεβῶς
709 908 756 970 καί
788 909 881 979 ὁσίοις
914 907 928 969 δ
955 956 961 968 .
988 955 995 968 .
1022 955 1028 968 .
1056 903 1059 992 )
1087 954 1093 968 .
1121 955 1127 967 .
1165 905 1370 991 [aditomnium

187 1017 317 1081 σπεύδων
347 1021 473 1089 πάντας.
498 1055 538 1062 -

296 1125 370 1190 Uno
394 1129 524 1190 tantum
556 1124 627 1189 loco
656 1122 789 1206 repperi
817 1120 1021 1209 φιλονΕΙκίαν,
1050 1120 1104 1202 qui
1128 1125 1181 1186 est
1205 1121 1241 1186 C.
1266 1120 1303 1185 J.
1328 1121 1368 1186 G.

190 1230 264 1297 add.
282 1229 422 1314 2561,11
447 1229 538 1316 (vide
555 1231 682 1312 supra):
708 1278 714 1292 .
733 1278 740 1292 .
761 1279 767 1291 .
786 1277 792 1291 .
811 1229 985 1316 φιλονεικίαν
1001 1228 1048 1291 καὶ
1064 1227 1213 1299 πλεοναζο
1241 1266 1283 1273 -
1309 1279 1316 1292 .
1336 1279 1343 1291 .

189 1339 279 1421 Quae
308 1337 476 1420 scriptura
507 1336 650 1402 tortasse
677 1337 768 1403 nulla
801 1341 894 1402 certa
917 1335 1048 1402 ratione
1081 1334 1233 1400 adhibita
1256 1334 1367 1417 fluxit,

187 1445 275 1510 sicut
314 1446 414 1530 ἡμεῖν,
452 1443 543 1527 sim,
580 1462 620 1509 ex
652 1443 803 1510 itacismo
834 1444 888 1509 vel
915 1442 1080 1525 lapicidae
1109 1442 1164 1508 vel
1194 1442 1277 1526 eius,
1313 1442 1367 1523 qui

188 1551 390 1633 conscripsit
430 1551 596 1633 exemplar
634 1550 691 1633 (cf.
730 1551 763 1615 h.
802 1550 833 1615 d.
868 1570 900 1632 p.
938 1547 979 1614 67
1015 1548 1120 1635 adn),
1159 1549 1217 1614 sed
1258 1548 1367 1633 magis

189 1659 271 1724 mibi
301 1658 443 1724 inclinat
466 1657 611 1740 animus,
642 1663 680 1722 ut
710 1657 800 1724 aliud
824 1657 964 1722 credam.
1011 1657 1146 1722 Etenim
1177 1661 1292 1722 aetate
1318 1674 1366 1739 ea,

191 1785 253 1847 qua
295 1766 381 1831 idem
412 1765 496 1847 quod
531 1764 549 1829 I
584 1783 702 1830 sonare
738 1764 848 1846 coepit
883 1763 919 1826 El
952 1763 1052 1829 facile
1088 1763 1248 1829 videlicet
1285 1783 1366 1829 non-

190 1892 364 1955 numquam
381 1871 454 1938 fieri
478 1872 598 1954 potuit,
622 1876 660 1937 ut
683 1870 870 1937 hominibus
894 1870 1044 1953 Graecia,
1068 1889 1139 1936 oum
1162 1876 1367 1952 usurparent

190 1999 305 2046 vocem
340 1979 491 2066 φιλόνικος
522 1984 585 2044 etc.
624 1978 664 2044 da
697 1977 857 2061 rixando,
897 1977 1109 2061 aemulando,
1146 1977 1182 2042 in
1221 1982 1367 2043 mentem

188 2086 321 2153 veniret
345 2085 468 2168 poetici
494 2085 585 2151 illius
607 2085 760 2152 vocabuli
781 2083 927 2170 νεῖκος*).
975 2084 1068 2167 Quod
1092 2104 1163 2150 cum
1188 2084 1367 2150 crederent

190 2195 296 2259 latere
313 2193 348 2258 in
364 2193 502 2259 vocibus
518 2192 586 2257 illis
603 2192 804 2275 compositis,
829 2191 954 2257 litteris
971 2192 1072 2258 etiam
1088 2192 1255 2257 interdum
1280 2192 1367 2257 falsa

189 2300 280 2366 ducti
318 2299 519 2383 etymologia
559 2304 810 2381 expresserunt3
848 2298 896 2364 sic
927 2299 1053 2381 scripta
1084 2304 1161 2376 sunt
1185 2299 1365 2385 φιλόνεικος.

296 2407 361 2472 Sed
384 2412 422 2472 ut
445 2406 488 2472 ad
519 2407 616 2473 finem
649 2406 857 2490 perveniam,
889 2425 1017 2488 semper
1049 2405 1135 2488 apud
1157 2405 1366 2487 antiquiores

189 2513 373 2596 scriptores
405 2513 634 2580 restituendae
666 2519 744 2579 sunt
778 2514 902 2580 formae
940 2532 999 2595 per
1027 2519 1044 2584 Ι
1075 2512 1238 2595 scriptae3
1279 2513 1367 2596 apud

178 2619 388 2702 posterioris
412 2620 535 2687 aetatis
559 2621 759 2704 scriptores,
791 2620 856 2686 etsi
879 2620 963 2687 satis
988 2626 1040 2686 est
1062 2620 1244 2686 verisimile
1269 2640 1367 2702 prae-

190 2728 336 2793 valuisse
368 2729 490 2795 formas
525 2728 675 2816 φιλόνικος
699 2734 773 2812 etc,
804 2734 916 2794 tamen
948 2733 1025 2794 utra
1056 2733 1149 2792 recte
1177 2746 1213 2792 se
1241 2729 1369 2794 habeat

190 2854 381 2917 unoquoque
404 2836 476 2902 loco
500 2836 559 2902 vix
582 2836 709 2918 poterit
732 2837 773 2901 ad
796 2835 955 2917 liquidum
978 2834 1124 2918 perduci.

296 2944 365 3008 Nec
388 2963 468 3010 vero
498 2943 736 3025 aliquantulum
768 2943 979 3009 tribuendum
1011 2948 1063 3008 est
1089 2942 1182 3008 hisce
1205 2941 1241 3006 in
1266 2946 1369 3009 rebus

191 3049 337 3115 codicum
361 3050 572 3132 auctoritati3
596 3068 635 3116 ac
658 3070 700 3116 ne
724 3050 796 3132 quis
821 3051 946 3133 credat,
972 3049 1170 3116 Vaticanum
1193 3048 1290 3114 illum
1306 3050 1368 3136 (Α)

117 3213 120 3217 .
191 3156 284 3237 quasi
315 3157 423 3223 instar
461 3177 534 3223 esse
562 3157 739 3241 Polybiani
777 3157 1008 3241 chirographi,
1046 3159 1149 3222 haece
1186 3155 1368 3242 proferam,

191 3284 272 3346 quae
295 3265 331 3331 in
355 3284 392 3331 eo
416 3266 586 3349 leguntur:

298 3373 484 3460 παραλειπεῖν
501 3372 587 3459 (sim.
605 3374 647 3439 al.
664 3393 723 3456 pro
740 3373 910 3460 παραλιπεῖν
927 3377 990 3438 etc
946 3372 1050 3438 aas
1067 3373 1095 3455 I,
1115 3370 1145 3455 4,
1160 3369 1198 3457 4,)
1223 3380 1369 3460 χορηγεία

192 3478 265 3564 (plo
290 3481 463 3567 χορήριαΙ,
489 3478 586 3564 17,4,
609 3479 662 3565 18,
677 3479 722 3566 4),
752 3477 1045 3564 ιεςειμεν(ιεξμεν
1061 3480 1120 3564 IV
1146 3476 1175 3562 1,
1191 3477 1237 3564 4)
1262 3481 1322 3566 qu
1324 3503 1371 3544 εια

193 3586 309 3673 (Μηδία
340 3586 380 3670 17,
412 3585 464 3670 44,
480 3585 575 3673 4),ὑ
560 3589 655 3675 υδρεία
688 3589 724 3671 (i.
748 3608 778 3669 q
803 3587 951 3675 ὑδρίαν,
980 3586 1033 3672 88,
1048 3588 1140 3669 4)-
1165 3589 1268 3674 ὀρινιῖιν
1293 3585 1369 3672 (pro

192 3716 360 3781 ρεινοιν
332 3695 349 3759 Ι
386 3691 439 3778 39,
456 3693 516 3779 44),
541 3697 660 3794 αρρορία
684 3697 834 3782 (ἀργυρεῖα
850 3695 915 3777 III,
940 3692 993 3778 57,
1009 3695 1086 3777 4),
1073 3695 1195 3757 επετίοιν
1212 3693 1369 3776 (επετείιον

191 3802 257 3885 ΙΙΙ,
283 3798 417 3884 101‚1);
448 3802 524 3865 συνιδ
526 3825 585 3866 εναι
610 3801 730 3887 (osaea
718 3825 777 3865 εναι
798 3801 856 3885 IV,
882 3800 934 3885 22,
950 3802 987 3885 4),
1011 3807 1166 3889 προάστιον
1183 3802 1370 3889 (προάστειον

192 3908 250 3991 Ι17,
276 3906 328 3991 78,
346 3905 397 3992 44),
421 3908 463 3973 al.
510 3909 667 3974 Consulto
692 3908 787 3974 omisi
810 3908 905 3992 talia,
930 3908 1039 3990 qualia
1061 3913 1139 3973 sunt
1163 3908 1253 3970 οἰκεία
1278 3910 1372 3992 (οἰκία

300 4067 326 4134 7)
345 4067 415 4122 talia
433 4067 562 4123 nimirum
582 4069 705 4123 accidere
725 4069 814 4122 solent
836 4069 1006 4138 temporibus
1024 4069 1069 4137 iis,
1093 4067 1193 4136 quibus
1213 4069 1248 4122 ad
1268 4070 1371 4125 verilo-

193 4158 288 4226 quium
307 4157 396 4228 mag‘is
415 4159 605 4213 accomodatur
630 4158 847 4227 uniuscuiusque
871 4159 944 4213 vocis
969 4159 1107 4227 scriptura
1127 4173 1210 4226 quam
1229 4159 1265 4212 ad
1285 4160 1371 4229 sylla-

192 4249 290 4303 barum
309 4264 414 4302 sonum.
433 4279 467 4286 —
