2910 4980
589 419 806 486 „39-

113 637 159 696 μοι
180 615 238 698 ’τὴν
262 613 424 702 Μάμμωτιν
446 612 497 695 ἐμὲ
514 614 931 700 ε’νκεκληματοημαηηκέναι*Ι
958 614 1063 679 vertit
1088 633 1180 695 ,1111111
1202 614 1285 680 mihi

112 721 294 787 acciderit“
320 726 383 786 etc.

220 881 386 948 Converto
417 900 468 945 me
499 881 540 946 ad
570 880 820 947 describendam
852 881 1012 947 sermonis
1036 881 1284 965 proprietatem,
1365 872 1366 876 ’

112 1008 195 1071 quae
227 988 308 1053 item
343 1009 409 1054 non
441 994 515 1053 erat
548 988 682 1070 Polybii
719 988 822 1053 solius
853 988 988 1071 propria
1019 988 1076 1053 sed
1107 988 1285 1055 communis

112 1096 268 1179 omnium,
309 1095 364 1176 qui
395 1102 475 1161 tuuc
507 1095 724 1177 scripserunt.
778 1100 818 1164 In
850 1115 888 1162 eo
922 1101 1032 1160 alutem
1062 1095 1170 1178 posita
1201 1101 1284 1179 erat,

111 1204 196 1285 quod
220 1204 359 1268 maxime
384 1203 581 1268 studuerunt
604 1205 702 1286 κοινοί,
735 1203 919 1285 exprimere
944 1204 1147 1287 singularum
1169 1222 1285 1269 vocum

111 1311 265 1378 notiones
297 1311 464 1393 simplices
495 1295 654 1393 amipliore
686 1312 823 1392 quodam
850 1312 993 1393 plurium
1023 1313 1197 1377 verborum
1221 1310 1284 1375 cir·

112 1419 215 1484 cuitu.
261 1418 344 1483 Inde
368 1418 492 1484 factum
516 1422 578 1501 est,
602 1424 639 1484 ut
656 1418 742 1500 apud
758 1419 932 1501 Polybium
949 1418 983 1484 in
999 1437 1191 1499 unaquaque
1214 1417 1285 1483 fere

111 1535 234 1619 pagina
269 1535 429 1616 scriptum
467 1534 614 1617 legamus
650 1523 827 1632 συμβαίνει
860 1556 889 1604 c.
926 1530 1071 1624 infinit„
1107 1534 1163 1599 ubi
1202 1533 1285 1599 satis

110 1656 186 1716 erat
216 1669 338 1733 ponere
371 1651 511 1732 simplex
544 1654 698 1733 verbum,
733 1652 836 1716 haece
869 1651 1032 1732 exscripsi
1064 1651 1214 1732 exempla
1245 1669 1285 1714 ex

109 1757 282 1823 Hultschii
306 1758 357 1823 ed.
381 1736 446 1823 11111.
471 1751 530 1826 II:
562 1779 593 1840 p.
618 1756 670 1842 41,
687 1794 712 1832 15
736 1762 875 1841 ἀηωνιάιν,
901 1758 941 1842 μὴ
966 1757 1065 1841 συμβῇ
1086 1806 1092 1819 .
1119 1805 1126 1819 .
1152 1805 1159 1820 .
1183 1756 1285 1841 λαβεῖν

109 1868 183 1946 (pro
199 1864 302 1949 λάβη),
325 1886 355 1947 p.
380 1863 474 1947 42,15
497 1866 566 1928 θιότι
590 1864 738 1949 συμβαίνει
762 1865 908 1950 ἡττᾶσθαι
932 1867 1113 1950 (ἡττῶνται),
1137 1885 1168 1945 p.
1191 1861 1285 1946 46,13

108 1973 181 2034 Εἶναι
198 1971 344 2054 ῦυμβαίνέῑ
362 1973 477 2055 (ectio),
501 1973 573 2036 Sim.
598 1993 629 2054 Ι).
654 1969 707 2054 48,
722 2008 753 2054 6,
778 1993 809 2054 Ι).
833 1970 886 2055 49,
901 2008 933 2055 4,
957 1992 988 2053 Ι).
1013 1968 1065 2054 51,
1081 2007 1112 2055 3,
1136 1992 1167 2052 Ι).
1192 1970 1285 2054 54,17

109 2077 258 2162 (Σικελίαν
275 2080 314 2164 τῇ
327 2080 406 2142 θέσει
430 2081 572 2166 τετάχθαι
595 2078 743 2162 συμβαίνει
766 2082 865 2166 πρός),
890 2100 920 2161 p.
946 2077 1045 2162 aba,
1069 2099 1100 2160 p.
1126 2076 1178 2161 59,
1192 2115 1225 2161 4,
1253 2099 1285 2159 p.

109 2184 164 2270 60,
180 2224 191 2260 2
218 2186 444 2269 (συμβαίνειτοῦ
462 2185 619 2270 Λιλυβαίου
636 2178 747 2249 τοῦτον
762 2189 877 2272 ἀπέχειν
900 2186 951 2248 τόν
970 2184 1102 2273 τρόπον),
1126 2207 1162 2268 p.
1182 2183 1234 2270 62,
1249 2220 1285 2268 25,

108 2315 141 2376 p.
167 2292 219 2376 63,
238 2331 265 2376 47
286 2330 325 2375 αι
345 2329 386 2376 24,
411 2314 441 2375 l·
466 2291 519 2376 65,
534 2330 560 2368 ao
583 2295 626 2358 al·

216 2401 383 2467 1110111118
400 2401 528 2466 inveni:
552 2401 639 2466 Diti.
657 2399 732 2483 200,
747 2437 773 2475 54
796 2402 866 2464 εἶναι
882 2401 1040 2484 συμβαίνει,
1064 2400 1151 2466 Diti.
1169 2397 1287 2483 247,14

108 2510 142 2571 όν
171 2508 339 2592 συμβάντος
368 2509 398 2570 έν
427 2507 464 2590 εἴη
491 2514 571 2594 μάχη
599 2509 789 2594 τελευτῆσαι,
819 2508 905 2573 Ditt.
931 2507 1010 2590 252,
1031 2543 1056 2582 ιο
1077 2512 1111 2572 et
1130 2542 1155 2581 25
1179 2505 1286 2590 συνέβα

108 2616 243 2699 γενέσθαι
260 2616 315 2697 (cf.
332 2616 404 2682 Pol.
420 2616 450 2680 V
466 2614 519 2699 84,
534 2653 547 2692 5
573 2618 587 2678 ὃ
604 2616 650 2678 καί
667 2619 735 2678 τότε
751 2615 859 2700 συνέβη
873 2616 1029 2699 ηενέσθαι),
1046 2615 1152 2679 Hicks
1170 2611 1285 2697 17915

109 2722 219 2806 συνέβη
236 2725 501 2811 περιπεπτωκέναι,
531 2722 574 2788 cf.
597 2724 632 2789 C.
657 2723 690 2788 J.
715 2723 756 2788 G.
781 2719 878 2806 2693,
903 2722 1005 2807 (1617,
1030 2723 1065 2786 0.
1090 2721 1123 2787 J.
1147 2721 1186 2787 G.
1211 2720 1284 2786 add.

108 2826 208 2913 2561,
229 2833 261 2914 b,
281 2853 325 2913 353
349 2831 384 2896 G.
401 2831 433 2896 J.
452 2831 492 2896 G.
516 2827 614 2912 4896,
639 2830 739 2913 C,11;
762 2830 797 2895 0.
822 2829 855 2894 J.
880 2830 920 2895 G.
944 2831 983 2911 I?
1008 2824 1083 2911 303,
1102 2850 1129 2909 43
1153 2825 1228 2911 411,
1243 2851 1284 2909 233

108 2938 159 3002 Ire
175 2938 241 3002 Bas
257 2942 311 3008 III
333 2935 440 3021 757123
463 2933 707 3020 (1110111,
730 2934 804 3019 024,
824 2959 851 3019 5;
875 2941 962 3006 Insc.
979 2937 1078 3019 Perg.
1103 2933 1284 3018 248710-133

108 3044 196 3110 Bull.
224 3049 273 3114 VI
301 3042 378 3127 254,
398 3067 424 3126 ⁷3
452 3044 591 3125 Ephem.
621 3040 722 3126 1884,
752 3065 783 3125 p.
812 3040 854 3108 47
884 3062 931 3124 sq.
954 3079 967 3118 3
990 3048 1025 3107 et
1048 3078 1085 3117 a·
1140 3042 1180 3106 In
1209 3062 1283 3123 pap.
1404 3019 1408 3042 ¹

108 3153 214 3218 Louv.
234 3150 269 3235 6,
289 3156 328 3227 ῃὲ
352 3151 460 3236 συνέβη
484 3152 683 3237 λυμανθῆναι,
708 3151 793 3233 apud
818 3151 991 3217 Geminum
1015 3167 1113 3230 Saepe
1137 3146 1284 3231 συμβαίνει

110 3259 247 3343 ηίνεσθαι,
272 3280 303 3341 p.
327 3256 369 3323 21
394 3258 542 3342 συμβαίνει
566 3267 730 3346 συμφωνεῖν
754 3258 796 3324 al.

216 3366 290 3432 Non
323 3366 429 3432 minus
462 3367 526 3432 huc
558 3366 706 3449 pertinet
738 3365 870 3430 dicendi
901 3364 1031 3446 quidam
1063 3383 1156 3447 usus,
1190 3382 1283 3444 quem

108 3474 202 3540 hisce
219 3474 392 3540 illustrabo
417 3475 576 3556 exemplis
593 3492 611 3538 e
626 3474 767 3556 Polybio
791 3473 960 3555 repetitis:
985 3477 1021 3542 ΙΙ
1045 3470 1126 3556 15,4
1150 3471 1283 3555 baptista

108 3587 170 3644 τῶν
197 3581 273 3668 πρός
301 3581 356 3666 την
385 3581 497 3668 τρυφὴν
523 3584 692 3664 ἀνηκόντων
721 3579 937 3659 (abundantia
960 3580 1098 3662 Victus),
1126 3582 1175 3648 VI
1198 3574 1283 3660 12,4

108 3797 290 3877 ἀνηκόντων,
314 3799 468 3865 XXVIII
492 3792 572 3879 17,2
596 3795 694 3857 πολλὰ
718 3800 777 3856 των
801 3795 847 3866 εἰς
870 3794 1089 3880 φιλανθρωπίαν
1114 3794 1282 3875 ἀνηκόντων
1407 3776 1418 3787 ”

109 3911 318 3997 ἐπεμὲτμησεν.
366 3910 430 3976 Sed
446 3910 511 3976 iam
529 3910 672 3976 elucebit
688 3909 836 3975 additum
856 3908 938 3974 illud
961 3901 1006 3973 τόι
1034 3899 1209 3998 ἀνήκοντα
1236 3899 1283 3983 εἰς

217 4204 245 4271 *l
265 4205 304 4259 sic
323 4205 395 4260 enim
415 4204 589 4259 scribendum
616 4221 676 4260 esse
701 4205 778 4271 (monz
807 4201 971 4274 ένκεκληματο
992 4200 1153 4274 ηραφηκέναι)
1173 4204 1204 4257 L.
1223 4202 1282 4271 ipse

109 4295 139 4349 in
160 4294 323 4362 „addondis“
345 4299 420 4349 reete
439 4294 589 4364 perspexit.
