2910 4980
674 448 891 517 -13-

303 647 455 733 βασίλισσα
488 649 563 731 (ool.
597 646 668 732 1,1)
699 647 823 712 dietum
858 653 909 711 est
942 667 1000 728 pro
1034 646 1166 730 βασίλεια
1189 645 1373 710 seeundum

195 756 382 821 sollemnem
398 773 492 820 usum
508 754 705 837 posterioris
722 753 844 819 aetatis
869 753 925 837 (of.
942 754 1194 818 Blass-thner
1214 752 1250 816 ΙΙ
1271 750 1372 833 234)

302 879 344 945 Cf.
374 880 445 945 POl.
478 879 518 945 V.
553 877 639 962 43,4
667 878 770 943 ΧΧΠ
795 875 895 962 20,2;
928 878 1015 942 Insa.
1043 878 1142 959 Perg.
1172 875 1246 959 160,
1272 913 1309 960 30⁷
1333 912 1372 950 42.

195 986 275 1052 ibid.
300 983 420 1070 169,1;
444 987 492 1051 Le
510 987 576 1051 Bas
600 985 635 1049 H
662 982 795 1068 ababa
819 985 1041 1067 (Methanae);
1065 985 1151 1049 Bull.
1167 984 1219 1047 IX
1235 980 1301 1047 389
1325 985 1371 1048 al.

194 1093 301 1159 Voces
334 1097 505 1181 προγονικάς
533 1093 616 1176 (Col.
648 1090 683 1175 2,
703 1093 747 1175 1),
780 1095 1002 1179 ἀντιπαραροιρν)
1036 1092 1118 1175 (dol.
1150 1089 1264 1174 2,11),
1299 1094 1372 1153 ἀπο-

195 1206 376 1274 κατάστασις.
414 1201 496 1284 (Col.
534 1198 571 1283 3,
595 1200 651 1283 11),
692 1218 774 1279 quae
805 1199 882 1264 inde
913 1219 932 1264 a
962 1200 1092 1264 saeoulo
1123 1198 1194 1285 fere
1224 1199 1371 1263 seeundo

195 1308 321 1373 demum
333 1312 512 1389 usurpatae
523 1324 594 1371 esse
605 1306 771 1389 videntur,
784 1306 941 1388 leguntur
948 1305 1048 1370 etiam
1057 1305 1372 1388 apudPolybium*).

301 1431 514 1498 Adieetivum
549 1435 667 1519 νήπιοςΙ
694 1431 777 1514 (Col.
809 1429 903 1514 1,11)
935 1430 1138 1512 temporibus
1169 1430 1237 1494 illis
1267 1432 1371 1513 vulgo

195 1539 416 1622 usurpabatur
440 1539 474 1604 in
503 1557 600 1620 prosa
624 1538 774 1604 oratione
798 1537 840 1602 of.
870 1557 951 1619 quae
979 1536 1068 1602 infra
1092 1536 1259 1603 adnotavi.

302 1665 413 1730 Haece
436 1666 539 1730 verba
562 1682 681 1729 novam
704 1664 828 1728 habent
849 1663 1017 1728 notionem
1040 1662 1075 1727 in
1099 1663 1160 1727 hoe
1185 1681 1310 1745 papyro
1336 1669 1372 1728 et

195 1773 292 1856 plane
316 1772 452 1838 eandem
475 1771 560 1854 apud
583 1770 757 1853 Polybium
781 1770 927 1851 aliosque
951 1771 1081 1841 κοινοίςε

195 1899 370 1985 λειτουργεῖν
399 1898 589 1984 (λειτουργία)
614 1896 682 1961 Col.
705 1894 839 1979 1,1,1;
867 1896 936 1960 Col.
961 1893 1056 1979 3,11,
1082 1914 1153 1960 eum
1177 1897 1217 1961 ab
1241 1895 1371 1960 Atticis

179 2004 181 2010 '
240 2023 368 2087 semper
399 2004 567 2069 diceretur
597 2003 632 2068 in
667 2002 856 2068 muneribus
891 2002 1070 2086 publicis„
1091 2003 1176 2068 hano
1213 2002 1281 2068 vim
1320 2002 1371 2067 ita

240 2112 361 2195 omisit,
377 2117 415 2176 ut
430 2111 478 2176 nil
494 2111 540 2176 sit
555 2111 621 2176 nisi
638 2112 768 2196 μοχθεῖν,
792 2110 936 2172 δουλεύειν
954 2111 1101 2192 (Hesyob
1119 2129 1145 2174 s.
1162 2112 1217 2191 ν.)
1256 2110 1371 2190 Neque

239 2219 339 2284 aliter
365 2219 456 2301 >apud
488 2217 662 2299 Polybium
693 2217 741 2280 VI
771 2215 921 2300 39111,
944 2218 998 2281 ΠΙ
1023 2215 1172 2301 33,1α1.
1197 2217 1370 2300 oratiam,

240 2345 321 2407 qnae
354 2325 523 2407 Sauppeus
554 2326 654 2407 (Abh.
686 2324 745 2389 der
768 2323 861 2389 Gdtt.
886 2325 962 2390 Ges.
992 2324 1022 2389 d.
1047 2323 1148 2388 Wiss.
1179 2321 1279 2406 1860)
1311 2325 1369 2389 ad-

239 2432 372 2499 notavit
395 2432 437 2498 ad
460 2431 553 2496 tituli
576 2430 706 2495 Andan.
731 2449 818 2496 vera.
844 2428 896 2496 75.

195 2556 360 2620 ἐκτίθεσθαι
399 2556 481 2639 (Col.
519 2554 615 2639 1,11,
651 2556 718 2621 Col.
755 2553 908 2639 2,11,11)
944 2555 1028 2639 diei,
1064 2556 1274 2636 quodcunque
1313 2558 1369 2639 (ex

240 2663 331 2747 regis
355 2663 503 2745 deoreto)
527 2662 628 2728 alioui
651 2662 812 2744 solvitur,
837 2662 902 2728 iam
927 2667 1018 2726 reete
1042 2662 1234 2728 observavit
1256 2662 1369 2726 Leem.

241 2791 271 2853 p.
297 2768 349 2836 15.
374 2770 416 2835 cf.
440 2771 522 2835 haec
545 2769 679 2851 Polybii
703 2769 805 2852 (XIII
831 2767 925 2852 2,1);
955 2771 1076 2854 ὀψώνιον
1101 2767 1225 2852 ἐξέθηκε
1250 2770 1265 2830 ὁ
1288 2767 1369 2851 βασι-

240 2875 314 2949 λεὺς
338 2877 428 2960 αὐτῷ.

196 3004 280 3090 χρεία
310 3003 396 3084 apud
418 3002 593 3084 Polybium
616 3001 808 3084 saepissime
838 3001 925 3066 idem
955 3001 1046 3067 valet
1076 3001 1160 3082 quod
1187 3001 1368 3085 negotium,

240 3109 344 3176 labor.
390 3109 502 3190 Neque
525 3109 592 3174 alia
616 3108 683 3192 via,
707 3114 745 3173 ut
767 3109 848 3174 mihi
872 3108 1023 3192 videtur,
1056 3111 1169 3174 subest
1192 3107 1269 3172 huie
1292 3109 1368 3173 voei

241 3218 310 3284 Col.
335 3216 429 3301 1,11,
457 3218 513 3283 ubi
541 3218 590 3283 sio
614 3218 712 3283 eredo
735 3219 886 3283 lacunam
907 3236 978 3282 esse
999 3217 1208 3298 explendam:
1236 3215 1290 3302 τρὸ
1307 3224 1368 3300 τῆς

241 3326 287 3398 εἰς
310 3325 360 3387 τὸν
383 3346 483 3412 προχει
504 3327 507 3407 )
530 3325 640 3412 [ρισμὸν
664 3325 837 3409 γενομένης]
861 3327 974 3412 χρείας.

197 3453 337 3522 σύστασις
365 3449 434 3515 Col.
461 3447 558 3532 1,11,
590 3449 677 3514 siout
705 3449 790 3531 apud
818 3449 1010 3532 Polybium,
1043 3447 1209 3513 notionem
1237 3447 1368 3528 aooepit

241 3575 319 3622 usus
352 3555 519 3622 cuiusdam
552 3555 729 3621 familiaris
761 3575 800 3622 ae
830 3556 967 3639 benigni
1002 3553 1242 3621 intercedentis
1277 3554 1368 3618 inter

241 3665 321 3730 duos
344 3664 399 3730 vel
421 3665 532 3747 plures
555 3664 714 3729 homines,

196 3791 349 3878 παρέλκειν
377 3795 440 3852 τινα
462 3789 517 3855 vel
540 3810 566 3850 τι
590 3789 658 3855 Col.
683 3787 713 3872 2,
733 3827 773 3874 11,
800 3790 868 3856 Col.
895 3788 974 3873 3,11
999 3790 1071 3855 viee
1100 3789 1252 3872 fungitur
1275 3786 1367 3852 Atti·

242 3916 352 3963 oorum
368 3898 542 3962 verborum
558 3894 744 3978 ἀναβάλλειν,
761 3897 959 3984 διακρούεσθαι
972 3935 1012 3942 -
1029 3896 1070 3961 of.
1087 3898 1158 3961 Pol.
1177 3895 1206 3958 V
1223 3891 1275 3978 30,
1292 3929 1304 3967 a
1324 3895 1366 3959 al.

304 4127 330 4194 a)
349 4127 402 4181 looi
425 4144 440 4181 a
464 4126 723 4196 Schweighaeusero
747 4128 824 4182 allati
849 4134 913 4182 sunt
938 4129 999 4194 (lex.
1024 4128 1137 4195 Polyb).
1182 4128 1308 4181 Ceterum
1333 4125 1365 4178 de

197 4216 333 4271 adieetivo
360 4213 503 4286 προγονικάς
537 4215 572 4269 cf.
607 4232 677 4283 quae
705 4215 779 4270 infra
807 4215 956 4284 disputavi.
987 4247 1021 4252 -
1052 4212 1243 4287 ἀντιταραρωρκ)
1274 4218 1366 4268 exstat

198 4306 280 4359 etiam
299 4306 339 4359 Le
357 4307 412 4358 Bas
431 4306 484 4372 ΙΙΙ,
502 4304 563 4374 419,
577 4323 599 4362 ο.
